4000 5700
1193 502 1300 555 266
1841 502 2219 557 REGESTU
2227 504 2281 554 M
2328 503 2590 556 VOLAT
2600 503 2644 555 E
2656 504 2703 554 R
2714 503 3005 557 RANUM

1196 697 1331 759 795
2645 700 2825 773 Pisa,
2869 700 2950 761 12
2990 700 3124 760 und
3162 700 3245 761 19
3285 701 3430 761 Mai
3469 701 3652 763 1270.

1315 795 1570 857 Andalo
1610 797 1690 858 de
1733 796 2030 858 Bononia
2084 798 2211 857 Pis
2268 804 2579 875 potestas,
2635 799 2912 869 amiani,
2975 798 3310 860 consilium
3362 804 3659 878 presente

1194 893 1612 956 Gualterocto
1653 895 1859 956 iudice
1903 896 1982 956 de
2025 895 2203 956 Vult.
2247 895 2495 957 sindico
2555 895 2927 957 comunis
2980 897 3199 958 Vult.
3259 902 3439 958 carta
3479 896 3655 959 Salo·

1197 991 1404 1052 monis
1446 992 1553 1070 qd.
1606 992 1940 1053 Alamanni
1984 998 2119 1052 not.
2165 1000 2576 1071 acceptamus
2618 1012 2843 1072 pacem
2883 993 3130 1055 factam
3167 995 3335 1054 inter
3361 993 3657 1072 Ugonem

1199 1092 1491 1152 Bortium
1534 1096 1602 1150 et
1646 1090 2067 1151 Guiscardum
2123 1091 2504 1170 Cinquinam
2562 1097 3007 1170 procuratores
3064 1092 3190 1152 Pis.
3248 1092 3534 1152 comunis
3590 1098 3659 1151 et

1198 1190 1578 1250 Barze-ctum
1611 1189 1720 1266 qd.
1765 1188 2037 1267 Galgani
2074 1195 2209 1250 not.
2240 1198 2719 1267 procuratorem
2756 1191 3046 1251 comunis
3073 1189 3248 1251 Vult.
3280 1191 3474 1250 cartis
3500 1188 3657 1249 Leo·

1198 1288 1381 1348 nardi
1424 1286 1506 1347 de
1548 1287 1718 1348 Calci
1760 1293 1827 1347 et
1871 1288 2113 1349 Posche
2154 1288 2261 1366 qd.
2306 1288 2564 1350 Melocti
2618 1289 2699 1349 de
2754 1287 2994 1349 Sancto
3057 1288 3454 1350 Geminiano.
3520 1288 3661 1366 Ego

1199 1386 1490 1445 Ventura
1529 1384 1610 1445 de
1653 1383 1948 1445 Morrona
2001 1385 2297 1462 publicus
2354 1383 2699 1446 bannerius
2757 1385 2884 1445 Pis.
2942 1386 3234 1446 comunis
3288 1386 3429 1445 iuro
3479 1384 3663 1445 dicta

1200 1482 1558 1543 observare.
1647 1481 1788 1541 Act.
1835 1482 1997 1542 Pisis
2040 1485 2108 1543 In
2146 1482 2296 1543 eccl.
2340 1502 2391 1541 s.
2422 1481 2594 1544 Sisti.
2680 1480 2971 1543 Rudulfo
2997 1482 3079 1542 de
3111 1482 3402 1543 Bononia
3428 1481 3659 1542 iudice.

1204 1579 1660 1640 Bartholomeo
1700 1579 1918 1640 Masso
1962 1580 2088 1640 Pis.
2135 1581 2426 1639 comunis
2465 1578 2862 1641 cancellario.
2908 1578 3314 1641 Bencivenne
3368 1579 3449 1639 de
3497 1578 3661 1639 Visi-

1202 1699 1418 1759 gnano
1458 1684 1592 1738 not.
1648 1677 2036 1739 cancellarie.
2102 1678 2341 1738 Iacobo
2403 1685 2535 1739 not.
2600 1680 3013 1740 anzianorum
3079 1684 3159 1739 tt.
3244 1677 3660 1751 MCCLXXI,

1202 1778 1335 1837 ind.
1382 1776 1576 1849 XIII,
1611 1775 1748 1836 IIII
1780 1776 1866 1835 id.
1899 1777 2029 1836 mai
2058 1777 2408 1837 secundum
2436 1796 2692 1838 cursum
2720 1776 2871 1848 Pis„
2900 1776 3276 1845 MCCLXX,
3306 1776 3440 1838 ind.
3462 1773 3664 1847 XIII,

1201 1874 1335 1936 XII
1366 1876 1499 1936 mai
1525 1873 1878 1934 secundum
1920 1893 2177 1934 cursum
2212 1873 2390 1935 Vult.
2476 1873 2555 1933 In
2587 1873 2946 1935 continenti
2974 1873 3426 1935 Gualteroctus
3454 1874 3665 1951 requi·

1203 1974 1356 2033 sivit
1398 1992 1524 2043 coe,
1570 1977 1645 2031 ut
1685 1973 2099 2032 restituerent·
2140 1971 2451 2033 Iacobum
2494 1972 2778 2033 Saladini
2821 1978 2889 2033 et
2929 1970 3092 2033 filios
3132 1976 3201 2031 et
3243 1971 3665 2032 Balduccium

1203 2071 1594 2150 Ingerammi
1637 2069 1813 2129 Vult..
1858 2071 2052 2141 cives,
2104 2089 2265 2147 quos
2322 2077 2547 2130 tenent
2602 2075 2978 2144 carceratos,
3036 2074 3103 2129 et
3159 2068 3314 2129 alios
3370 2070 3541 2130 cives
3597 2073 3667 2127 et

1204 2166 1653 2228 districtualeS.
1741 2166 1977 2228 Postea
2019 2165 2289 2227 XVIIII
2332 2169 2481 2226 mai.
2565 2167 2729 2227 Pisis
2769 2169 2835 2227 in
2876 2167 3070 2227 domo
3112 2167 3420 2227 comunis.
3504 2165 3665 2225 Bar-

1206 2264 1531 2326 tholomeo
1577 2268 1808 2327 Museo,
1853 2265 2095 2326 Iacobo
2136 2272 2273 2325 not.
2322 2265 2740 2351 Boninsegne.
2788 2264 3147 2326 Beninoasa
3190 2270 3324 2325 not.
3355 2264 3548 2324 Iunte
3578 2270 3663 2323 tt..

1207 2364 1660 2425 Gualteroctus
1703 2365 2042 2444 requisivit
2083 2369 2475 2441 potestatem
2519 2375 2585 2423 et
2627 2362 2792 2426 VIII
2835 2384 2915 2424 ex
2958 2365 3243 2425 anzianis
3285 2364 3435 2436 Pis„
3464 2369 3540 2423 ut
3567 2382 3664 2421 re·

1207 2464 1488 2524 stituant
1528 2469 1906 2523 carceratoe.
1994 2461 2487 2522 Bartholomeu's
2515 2462 2620 2541 qd.
2652 2461 2959 2571 Bonaiuti
2987 2460 3068 2522 de
3094 2461 3272 2523 Vult.
3305 2461 3496 2522 iudex
3524 2460 3665 2520 ord.

1208 2568 1276 2620 et
1316 2566 1453 2620 DOt
1531 2639 1788 2701 Florem
1831 2639 1983 2700 ASt.
2039 2639 2436 2716 (Volt.1270
2490 2640 2542 2702 V
2584 2640 2685 2712 12,
2740 2660 2805 2700 n.
2850 2639 2993 2716 909)
3050 2638 3224 2715 Oriq.
3315 2638 3669 2716 Veryleiche

1535 2737 1698 2798 Tron
1708 2739 1765 2797 ci
1807 2737 1942 2798 228.

1213 2854 1346 2915 796.
2842 2852 3135 2924 Volterra‚
3178 2853 3259 2914 22
3302 2852 3446 2913 Mai
3485 2851 3667 2913 1270.

1331 2952 1706 3025 MCCLXX,
1751 2954 1878 3013 ind.
1915 2953 2109 3024 XIII
2140 2954 2243 3013 die
2274 2954 2520 3013 veneris
2547 2951 2820 3030 ¹)XXII
2852 2953 2996 3011 mai
3069 2949 3560 3012 Ildebrandinus
3589 2950 3670 3008 de

1215 3053 1532 3124 Quaroeto
1589 3057 1656 3111 et
1695 3051 1929 3112 Nerius
1986 3051 2318 3112 Aldofredi
2371 3052 2596 3113 vicarii
2651 3050 2810 3111 Cerii
2861 3051 3087 3111 iudicis
3134 3048 3307 3111 Vult.
3359 3051 3668 3119 commisi,

1213 3152 1434 3210 vicarii
1477 3149 1864 3210 Forensis
1907 3149 1987 3209 de
2036 3148 2204 3210 Flor.
2258 3151 2732 3228 potestatis
2778 3148 2834 3208 V
2851 3148 3022 3212 ult..
3065 3148 3316 3207 anziani
3358 3151 3426 3205 et
3466 3146 3669 3205 consi·

1213 3247 1369 3308 lium
1411 3247 1888 3307 constituerunt
1933 3254 2407 3325 procuratorem
2450 3244 2933 3306 Gualterottum
2971 3244 3246 3305 iudicem
3272 3243 3353 3304 de
3381 3242 3555 3303 Vult.
3584 3241 3673 3301 ad

1215 3346 1631 3406 relaxandum
1664 3363 1882 3404 omnes
1912 3344 2206 3422 captivos
2237 3343 2520 3404 Pisanos,
2606 3345 2748 3403 Act.
2781 3342 2957 3402 Vult.
2989 3345 3054 3402 in
3084 3339 3325 3419 palatio
3359 3340 3670 3402 comunis.

1216 3444 1444 3504 Forese
1487 3449 1622 3503 not,
1656 3443 1733 3503 de
1763 3441 1929 3502 Flor.
1961 3442 2265 3503 Cherolus
2295 3441 2373 3501 de
2404 3442 2637 3520 BurgO.
2672 3438 3017 3500 Baschiera·
3042 3459 3231 3518 preco
3259 3438 3546 3500 comunis
3587 3445 3670 3498 tt.

1217 3542 1602 3602 Laurentius
1647 3546 1777 3600 not.

1539 3638 1801 3699 Florem
1846 3637 1999 3698 ASt.
2036 3638 2226 3714 (Volt.
2257 3657 2322 3697 n.
2356 3636 2500 3714 910)
2532 3636 2705 3713 Oriq.

1220 3833 1354 3893 797.
2538 3831 2714 3891 Colle
2764 3828 2883 3891 Val
2922 3829 3160 3902 d’Elsa,
3203 3830 3243 3890 2
3284 3828 3453 3889 Juni
3492 3827 3673 3889 1270.

1339 3931 1453 3990 Gu
1471 3931 1491 3989 i
1509 3930 1548 3989 d
1568 3950 1606 3990 o
1645 3929 1739 3990 de
1781 3929 1846 3988 M
1865 3949 1903 3988 o
1921 3935 2007 3989 nt
2025 3929 2156 3989 efo
2175 3948 2203 3987 r
2223 3936 2300 3990 te
2343 3947 2572 3998 comet-x,
2604 3928 2766 4005 regis
2794 3927 3019 3987 Karoli
3050 3927 3323 3987 vicarius
3351 3926 3417 3985 in
3444 3923 3678 3985 Tuscia

1217 4028 1544 4106 generalis,
1574 4027 1702 4087 fuit
1730 4027 2056 4087 confessus
2088 4027 2225 4086 Bue
2255 4026 2361 4104 qd.
2394 4026 2828 4086 Ricoveranze
2858 4024 2938 4084 dc
2968 4024 3143 4084 Vult.
3173 4024 3420 4084 sindico
3461 4040 3675 4084 comu-

1220 4128 1316 4185 nis
1371 4126 1545 4185 Vult.
1607 4125 1974 4204 Philippum
2037 4125 2115 4185 de
2171 4125 2496 4202 Legonaia
2553 4142 2741 4183 suum
2798 4122 3218 4182 marscaloum
3260 4140 3376 4181 suo
3417 4119 3676 4181 nomine

1217 4225 1526 4301 recepisse
1573 4247 1608 4281 a
1653 4222 1895 4282 sindico
1939 4222 2043 4281 lib.
2089 4222 2237 4283 CCC
2280 4222 2419 4281 den.
2468 4221 2596 4280 Pis.
2646 4219 2805 4297 nigr.
2859 4219 2939 4279 de
2973 4239 3230 4281 summa
3267 4216 3516 4281 00000
3562 4215 3673 4276 lib.

1219 4321 1426 4399 paghe
1472 4320 1748 4378 militum
1795 4319 1968 4377 tallie
2011 4320 2075 4377 in
2117 4317 2368 4378 Tuscia.
2456 4318 2597 4377 Act.
2644 4317 2709 4376 in
2752 4322 2962 4375 castro
2991 4316 3070 4375 de
3105 4314 3275 4375 Colle
3318 4314 3501 4374 vallis
3529 4313 3677 4373 Else

1219 4419 1286 4477 in
1328 4418 1524 4477 domo
1566 4416 1786 4495 plebis,
1887 4417 2286 4475 Bernardino
2327 4415 2406 4475 de
2457 4414 2701 4475 Perolla
2758 4413 2985 4472 domus
3051 4411 3674 4473 l’annocchiensium.

1221 4515 1628 4594 Ingerammo
1671 4515 1876 4573 iudice
1920 4516 2158 4574 vicarii.
2200 4514 2495 4576 stardo
2537 4515 2615 4573 de
2660 4512 3017 4572 Provincia.
3064 4511 3377 4572 Mercatto
3419 4514 3555 4569 not.
3598 4508 3678 4569 de

1373 4725 1410 4784 ¹)
1450 4724 1486 4772 V
1499 4723 1712 4771 ielmehr
1736 4723 1894 4771 iovis.
