4000 5700
1102 493 1479 549 REGESTU
1482 494 1545 547 M
1581 492 2264 547 VOLATERRANUM
2870 492 2904 546 7

1534 588 1743 595 ————·

452 596 537 603 ——-

442 696 539 756 21.
2152 686 2445 758 Volterra,
2489 686 2809 761 (918·929)
2838 688 2901 764 Ι).

563 791 589 870 [
592 836 858 852 ........
864 790 889 868 ]
921 786 1336 849 Adelardu
1353 807 1383 847 s
1414 805 1514 865 ep.
1545 785 1757 847 Volot.
1783 784 1894 846 lib.
1918 803 2088 844 nom.
2110 783 2296 844 firmo
2322 783 2704 863 Altiprando
2722 782 2769 843 f.
2792 782 2900 862 qd.

445 887 919 966 Ghisalprandi,
963 883 1271 946 Bertaldo
1311 890 1381 944 et
1421 884 1615 944 Petro
1657 902 1760 962 gg.
1803 881 1849 941 f.
1894 881 2000 960 qd.
2045 881 2223 941 Petri
2265 880 2330 940 in
2371 880 2654 945 casalino
2692 886 2762 941 et
2802 899 2902 942 res

444 988 511 1047 in
555 984 920 1056 Ribat-tino,
950 981 1063 1043 ubi
1092 980 1194 1042 Ad
1221 986 1519 1042 sanctum
1563 979 1895 1058 Prosperio
1923 998 2085 1050 voc„
2119 997 2168 1037 r.
2199 976 2325 1038 fuit
2352 996 2465 1056 per
2493 977 2898 1056 Ansiprando

440 1089 509 1143 et
549 1080 972 1161 Uualprando
1012 1099 1136 1160 gg„
1183 1079 1463 1157 pertinet
1502 1084 1683 1138 curte
1722 1096 1823 1155 ep.
1866 1076 1948 1137 de
1990 1076 2269 1148 Maian0‚
2312 1094 2430 1154 pro
2468 1093 2619 1135 casa
2652 1081 2769 1135 aut
2794 1094 2896 1135 ca-

442 1200 657 1259 panna
697 1179 865 1240 infra
907 1197 1077 1239 anno
1117 1176 1414 1238 facienda
1455 1181 1525 1236 et
1564 1195 1738 1255 pens.
1781 1195 1999 1236 annua
2040 1176 2104 1237 in
2147 1173 2294 1233 fest.
2325 1194 2375 1234 s.
2407 1172 2669 1234 Martini
2695 1175 2742 1251 ²)
2773 1174 2893 1235 sol-

441 1277 652 1339 venda
693 1296 825 1357 arg.
870 1277 1013 1337 den.
1056 1275 1329 1335 duodeci
1370 1274 1432 1335 Β.
1478 1292 1623 1352 exp.
1666 1273 1874 1353 qualis
1916 1291 2029 1350 per
2070 1278 2267 1350 temp.
2311 1289 2394 1344 0.;
2427 1289 2566 1349 pen.
2609 1290 2744 1352 arg.
2782 1271 2894 1332 sol.

439 1377 783 1436 sexsainta.
867 1375 1012 1435 Act.
1058 1372 1271 1433 Voiot.
1356 1370 1713 1432 Adelardus
1739 1390 1837 1448 ep.
1862 1390 1943 1430 ss.
1969 1369 2030 1430 S.
2054 1390 2138 1430 m.
2171 1368 2556 1447 Altiprandi.
2586 1368 2894 1429 Bertaldi.

440 1470 633 1530 Petri.
677 1468 1036 1549 Teudinghi
1075 1469 1124 1529 f.
1154 1468 1218 1530 Β.
1248 1488 1333 1528 m.
1366 1466 1729 1547 Sigalberti.
1772 1465 2110 1528 Uualberti
2151 1466 2199 1526 f.
2244 1466 2302 1525 Β.
2348 1486 2434 1525 m.
2477 1464 2647 1526 Fusi.
2692 1464 2896 1544 Tagni

438 1567 484 1628 f.
529 1569 638 1647 qd.
684 1567 1000 1629 Adanaldi
1048 1574 1128 1628 tt.
1215 1567 1442 1627 Petrus
1485 1571 1622 1627 not.

771 1665 926 1726 Volt.
970 1664 1282 1726 AMunic.
1328 1663 1585 1738 (Radia)
1628 1662 1798 1740 Oriq.
1845 1662 2134 1739 (Anfanq
2174 1661 2491 1737 verloren).

434 1819 531 1878 22.
2556 1813 2731 1887 (918-
2735 1813 2892 1889 929).

555 1913 1017 1975 Adelardus
1057 1932 1157 1991 ep.
1202 1912 1406 1993 [Vult.
1450 1913 1581 1992 ssu]
1626 1911 1689 1973 S.
1735 1931 1816 1971 m.
1858 1910 2010 1973 Ursi
2051 1916 2119 1971 et
2158 1909 2289 1970 Leo
2330 1910 2526 1990 qui[..
2547 1910 2891 1991 .]fieriro-

433 2018 769 2093 gaverunt.
802 2013 865 2073 S.
890 2031 973 2071 m.
1004 2010 1316 2091 Ardinghi
1335 2013 1379 2086 ³)
1424 2009 1471 2070 f.
1495 2009 1559 2070 Β.
1583 2029 1668 2069 m.
1694 2008 2049 2089 Sigelberti.
2081 2009 2158 2088 [..
2182 2007 2415 2089 .]ildif.
2438 2008 2502 2069 Β.
2533 2027 2616 2068 m.
2647 2007 2758 2086 [...
2778 2007 2894 2087 ...]
3005 2097 3021 2110 θ

435 2109 546 2168 udi
589 2114 671 2168 tt..
759 2108 986 2168 Petrus
1026 2113 1163 2169 not.
2878 2183 2883 2187 .

765 2205 922 2266 Volt.
968 2205 1205 2268 AVa-sc.
1251 2205 1419 2283 App.
1475 2224 1524 2266 ε.
1583 2204 1649 2264 X
1703 2225 1770 2266 n.
1819 2204 1857 2265 1
1899 2203 2052 2283 Oop.
2095 2223 2144 2264 8.
2188 2203 2440 2264 XVIII
2482 2205 2556 2263 in
2604 2202 2891 2264 Galleuie

754 2301 1169 2381 Gopialbuck;
1214 2302 1384 2379 Oriq.
1432 2301 1920 2363 verschwunden.
2028 2300 2282 2362 Galletti
2337 2299 2622 2361 hemerkt:
2679 2298 2769 2360 Al
2820 2299 2890 2360 di

750 2401 920 2475 fuori
973 2399 1041 2460 di
1093 2399 1252 2460 detta
1307 2406 1476 2460 carta
1529 2406 1624 2460 sta
1671 2401 1877 2460 εονίαο
1916 2399 2187 2459 d’antico
2230 2404 2519 2458 carattere
2571 2397 2766 2459 carta
2820 2397 2887 2457 di

756 2498 1134 2578 Rigonzano
1176 2516 1374 2576 prope
1408 2497 1819 2557 Montalcino.

428 2649 529 2708 23.
2147 2647 2441 2720 Venena,
2471 2646 2721 2724 Auywst
2746 2645 2885 2707 937.

551 2744 747 2825 Hugo
788 2764 899 2807 rex
942 2764 1000 2805 a.
1046 2744 1183 2806 XII
1237 2750 1306 2806 et
1359 2744 1668 2806 Lothario
1719 2745 1765 2806 f.
1809 2747 1945 2806 eius
1999 2746 2172 2807 idem
2227 2764 2337 2805 rex
2394 2765 2453 2805 a.
2511 2743 2661 2818 VII,
2714 2763 2883 2823 aug„

429 2843 560 2905 ind.
607 2842 692 2903 X.
776 2841 1198 2904 Grimaldo
1239 2841 1579 2904 archidiac.
1622 2843 1887 2904 custode
1915 2843 2066 2904 eccl.
2155 2841 2575 2916 ‚Octabiani,
2620 2862 2745 2922 que
2786 2846 2886 2903 est

427 2941 509 3002 de
549 2943 878 3011 canonica,
909 2940 1018 3001 lib.
1048 2960 1221 3002 nom.
1252 2941 1436 3002 firmo
1467 2941 1722 3029 Andrea
1749 2941 1977 3002 clerico
2016 2940 2064 3002 f.
2094 2863 2203 3020 qd.
2249 2940 2590 3021 Magiperti
2631 2947 2699 3002 et
2741 2940 2886 3001 Iseo

427 3047 494 3099 et
535 3038 916 3099 Venerando
956 3038 1197 3099 clericis
1237 3037 1283 3098 f.
1328 3038 1639 3099 Grimaldi
1680 3046 1747 3099 et
1789 3039 1933 3099 filiis
1975 3038 2269 3100 Andreae
2309 3045 2377 3100 et
2415 3039 2777 3101 Venerandi
2818 3041 2884 3100 in

427 3137 603 3214 petia
642 3135 743 3195 fra
783 3137 919 3215 ipse
959 3155 1144 3196 mura
1185 3137 1471 3196 civitatis
1509 3143 1578 3196 et
1620 3138 1794 3214 petia
1835 3137 1900 3197 in
1943 3135 2148 3207 Silice,
2192 3156 2357 3215 quas
2404 3138 2532 3197 iam
2577 3137 2885 3199 Bertaldo

427 3231 685 3292 clericus
726 3225 977 3304 habuit,
1022 3233 1135 3311 qui
1168 3231 1295 3292 fuit
1323 3232 1541 3309 orbo⁴)
1585 3233 1667 3293 de
1708 3235 2033 3306 canonica,
2079 3239 2155 3294 ut
2196 3235 2264 3294 in
2290 3233 2436 3295 fest.
2480 3254 2532 3296 s.
2575 3234 2774 3295 Marie
2816 3235 2883 3294 in

427 3348 570 3409 aug.
602 3330 870 3389 solvatis
923 3349 1099 3409 pens.
1159 3348 1291 3410 arg.
1342 3330 1485 3390 den.
1531 3350 1660 3408 arg.
1705 3330 1850 3392 den.
1893 3331 2169 3392 duodeci
2200 3332 2273 3408 Β.
2317 3352 2463 3411 exp.
2508 3332 2715 3411 qualis
2770 3351 2883 3409 per

426 3430 624 3504 temp.
674 3446 757 3498 c.;
808 3446 953 3505 pen.
998 3446 1131 3506 arg.
1175 3445 1353 3487 num.
1398 3426 1510 3486 sol.
1555 3429 1941 3507 sexsaginta.
2028 3428 2171 3489 Act.
2215 3428 2430 3489 Volot.
2514 3428 2881 3492 Grimaldus

423 3519 764 3580 archidiac.
809 3539 890 3581 ss.
936 3520 997 3580 S.
1044 3540 1128 3581 m.
1174 3520 1446 3581 Andree.
1491 3520 1878 3582 Benedictus
1919 3522 2129 3600 presb.
2173 3529 2242 3583 et
2275 3541 2416 3583 can.
2461 3522 2879 3584 Venerandus

422 3617 704 3678 clericus.
736 3617 969 3679 Gundo
996 3618 1161 3680 diac.
1204 3625 1271 3678 et
1312 3638 1457 3678 can.
1501 3637 1583 3679 ss.
1629 3619 2020 3698 Audipertus
2064 3626 2145 3681 tt.
2176 3640 2259 3681 ss.
2291 3620 2499 3681 Atitio
2533 3626 2615 3682 tt.
2645 3641 2726 3682 ss.
2757 3622 2878 3682 Be-

422 3714 647 3775 rardus
688 3721 824 3777 not.
868 3736 949 3776 ss.
1034 3716 1314 3776 Martino
1356 3722 1492 3777 not.
1597 3759 1605 3766 -

752 3812 915 3873 Volt.
959 3811 1179 3889 AGap.
1224 3832 1285 3872 n.
1322 3812 1363 3873 8
1391 3812 1564 3890 Oriq.

420 3960 521 4019 24

538 4058 710 4137 [Ugo
750 4077 864 4119 rex
906 4059 995 4139 a.]
1042 4060 1526 4121 octavodecimo
1582 4061 1676 4141 [et
1718 4063 1980 4123 Lotario
2021 4061 2067 4122 f.
2112 4064 2248 4123 eius
2290 4082 2399 4123 rex
2442 3965 2874 4143 έζῗθῗιΐῗάἐ-

421 4157 585 4215 cimo
626 4155 652 4234 [
659 4201 922 4216 ........
929 4156 955 4236 ]
995 4157 1206 4217 Boso
1246 4157 1459 4218 Volot.
1504 4158 1631 4237 [ep.
1675 4158 2054 4221 Terentino.
2079 4160 2123 4240 .]
2165 4160 2273 4221 liv.
2317 4160 2539 4220 ordine
2579 4160 2765 4220 firmo
2807 4161 2873 4220 in

564 4350 605 4412 ¹)
644 4349 722 4399 In
767 4351 949 4401 diesen
996 4351 1206 4401 Jahren
1253 4351 1325 4402 iet
1368 4352 1593 4413 Biechof
1641 4354 1882 4405 Adelard
1928 4355 2315 4413 nachweiebar:
2360 4356 2628 4407 vielleicht
2668 4356 2739 4406 iel
2787 4355 2874 4406 die

424 4434 681 4486 Urktmde
724 4438 864 4488 nach
907 4441 1010 4489 923
1047 4454 1117 4488 zu
1152 4439 1406 4500 datiam,
1444 4456 1521 4490 wc
1558 4443 1650 4491 ein
1686 4441 2057 4506 Ghiaealprand
2091 4445 2178 4493 ale
2223 4445 2407 4494 lebend
2448 4444 2682 4495 erwc‘ihnt
2721 4445 2870 4495 wird.

418 4523 766 4577 Ghemrdim'ae
812 4526 1063 4590 Spoqlio:
1112 4529 1235 4579 924.
1284 4529 1489 4580 desunt
1535 4535 1706 4580 notae
1757 4531 2189 4596 chronologicae.
2353 4533 2397 4597 ²)
2449 4535 2515 4583 11
2567 4533 2870 4583 November.

421 4612 461 4676 ⁸)
505 4613 661 4664 Etwa
704 4616 993 4679 Ver-Imma
1027 4619 1126 4680 [ἂν
1160 4618 1510 4683 Toudinghi?
1658 4621 1701 4682 ¹)
1738 4620 1827 4669 So.
1975 4618 2022 4685 ⁶)
2058 4620 2166 4670 Die
2201 4620 2413 4683 Epoche
2455 4622 2644 4685 Koniq
2681 4622 2873 4685 Huyoo

416 4702 486 4749 iot
524 4702 626 4753 926
661 4701 795 4753 Juls·
831 4706 879 4763 6,
916 4704 1003 4752 din
1038 4704 1264 4754 Lothare
1305 4709 1401 4757 931
1441 4706 1609 4764 Mai:
1645 4707 1785 4758 siche
1819 4708 2115 4758 Dilmmler
2152 4709 2267 4758 Ouo
2306 4708 2341 4757 I
2378 4712 2497 4761 134.
