4000 5700
1053 387 1156 440 170
1693 385 2139 441 REGESTUM
2177 383 2864 441 VOLATERRANUM

3445 478 3505 485 —-

1049 576 1337 637 Ballione
1377 575 1459 655 de
1501 576 1848 639 Chiuslino.
1877 577 2277 639 Montanello
2302 581 2370 636 et
2399 575 2909 653 Ild(ebrandino)
2940 574 3049 655 qd.
3081 575 3390 655 Mendrigi
3423 581 3508 637 tt.

1048 672 1423 734 Bonfiliolus
1464 673 1821 734 Trinchetti
1865 672 1947 734 de
1990 675 2212 735 Monte
2254 673 2633 751 Vult(rario)
2679 679 2851 736 auct.
2895 676 3049 753 imp.
3097 674 3239 737 aule
3279 680 3416 735 not.

1369 771 1634 833 onrenz
1677 770 1830 831 Asc.
1867 771 2058 845 (νοιι.
2091 792 2156 833 «η.
2187 772 2333 849 320)
2363 771 2536 848 οπερ.

1047 968 1187 1029 482.
2539 965 2908 1041 Chiusdino,
2952 968 2994 1029 2
3036 966 3286 1045 Auqmt
3326 967 3508 1029 1231

1168 1064 2173 1139 MOCXXX1‚ind.1111,1111
2229 1084 2376 1126 non.
2436 1067 2672 1145 agusti.
2761 1066 2866 1126 Pa
2882 1085 3136 1147 ganus
3179 1085 3278 1144 ep.
3327 1066 3505 1126 Vult.

1047 1165 1389 1223 constituit
1432 1162 1742 1224 Iacobum
1784 1162 2133 1241 plebanum
2185 1163 2265 1224 de
2320 1162 2591 1224 Rivalta
2645 1168 3125 1242 procuratorem
3181 1165 3246 1224 in
3301 1166 3512 1225 causis

1050 1261 1452 1321 vertentibus
1480 1263 1649 1322 inter
1669 1281 1735 1321 se
1764 1266 1832 1321 et
1860 1260 2279 1322 Albiczellum
2308 1261 2388 1321 de
2416 1260 2726 1321 Ardicasa
2753 1262 2962 1323 civem
2993 1262 3121 1323 Pis.
3151 1280 3367 1323 coram
3395 1262 3505 1323 ab·

1048 1357 1203 1418 bate
1243 1376 1293 1417 e.
1339 1358 1560 1420 Savini
1602 1359 1838 1419 Pisano
1878 1363 1947 1419 et
1987 1361 2319 1437 preposito
2345 1357 2609 1420 Senensi
2650 1377 2818 1437 pape
2853 1358 3174 1420 iudicibus
3200 1358 3513 1439 delegatis

1048 1463 1118 1517 et
1147 1456 1230 1518 ad
1270 1456 1642 1535 petendum,
1689 1463 1760 1518 ut
1792 1457 2185 1535 compellant
2226 1463 2619 1536 potestatem
2664 1457 2967 1519 Pisanum
2994 1463 3062 1518 et
3094 1459 3506 1537 capitaneum

1049 1554 1235 1616 vallis
1277 1554 1419 1625 Ere,
1466 1561 1540 1615 ut
1582 1560 1937 1615 retractent
1980 1557 2299 1634 steginam
2339 1555 2583 1616 factam
2623 1554 2929 1616 Albizello
2957 1554 3040 1617 de
3064 1555 3378 1617 reditibus
3405 1575 3508 1635 ep.

1050 1655 1117 1713 in
1158 1652 1325 1714 valle
1366 1652 1512 1737 Ere.
1598 1652 1742 1713 Act.
1788 1672 1890 1731 ap.
1922 1653 2324 1714 Chiuslinum
2352 1654 2421 1713 in
2460 1652 2656 1713 domo
2691 1651 3003 1731 Lupicini.
3093 1653 3307 1714 Presb.
3351 1653 3507 1714 Leo·

1049 1748 1255 1809 nardo
1295 1749 1376 1810 de
1420 1748 1747 1809 vulterris,
1808 1749 2077 1810 Alberto
2131 1751 2502 1827 panacterio
2555 1755 2624 1810 et
2679 1749 3110 1810 Guillielmino
3167 1756 3247 1810 tt.
3340 1750 3510 1812 Bon·

1049 1845 1279 1907 filiolus
1321 1846 1683 1908 Trinchecti
1726 1846 1805 1907 de
1845 1847 2069 1908 Monte
2109 1847 2425 1909 VultraiO.

1378 1945 1539 2007 Volt.
1574 1945 1814 2006 AVesc.
1843 1964 1890 2005 s.
1921 1944 2112 2005 XIII
2141 1946 2265 2009 deo.
2300 1947 2338 2006 4
2365 1966 2429 2006 n.
2459 1945 2501 2005 3
2527 1945 2702 2023 Oriq.

1048 2142 1189 2200 483.
2342 2141 2580 2219 Reyqio
2623 2141 2935 2219 (Emilia),
2978 2143 3059 2203 16
3100 2144 3285 2204 Mein
3326 2144 3512 2205 1232.

1172 2239 1518 2300 Nicholaus
1553 2239 1837 2318 Reginus
1865 2259 1960 2317 ep.
1992 2246 2058 2299 et
2089 2237 2498 2319 Garfagnane
2527 2239 2609 2299 de
2639 2239 2952 2300 mandato
2980 2239 3359 2321 Gregorii
3396 2241 3509 2302 IX

1048 2344 1258 2397 rector
1286 2338 1329 2414 ¹)
1373 2338 1712 2397 constituit
1755 2342 2236 2415 procuratorem
2281 2335 2366 2396 ad
2420 2337 2815 2414 recipiendas
2869 2340 3353 2417 procurationes
3396 2358 3514 2417 pro

1050 2434 1462 2515 Garfagnana
1505 2434 1626 2495 sibi
1668 2433 1922 2495 debitas
1963 2455 2004 2493 a
2045 2434 2286 2494 clericis
2330 2436 2514 2507 Lun.,
2557 2434 2760 2507 Vult„
2789 2436 2981 2496 Mass,
3010 2434 3172 2496 dioc.
3204 2436 3508 2497 Grassum

1046 2534 1320 2610 priorem
1352 2532 1433 2592 de
1462 2531 1694 2610 Barga.
1781 2532 1926 2592 Act.
1962 2533 2147 2611 Regii
2175 2533 2242 2592 in
2271 2532 2503 2592 salario
2531 2552 2633 2610 ep.
2719 2532 3132 2605 MCXXXII,
3169 2533 3327 2595 XVI
3357 2537 3510 2596 intr.

1052 2635 1264 2701 mart„
1309 2629 1440 2691 ind.
1484 2628 1562 2689 V.

1381 2727 1539 2789 Volt.
1583 2727 1897 2789 AMunic.
1947 2727 2201 2803 (Radia,
2245 2727 2625 2806 Copialbuch
2670 2748 2786 2790 von
2829 2728 3200 2790 Gherardini
3253 2750 3317 2790 n.
3360 2731 3511 2807 329)

1365 2824 1518 2903 Περ.
1548 2845 1598 2886 ε.
1643 2823 1917 2886 XVIII.
1964 2825 2139 2902 Oriq.
2167 2824 2349 2903 fehlte
2373 2824 2533 2887 nac-k
2563 2826 2761 2888 einem
2798 2826 3086 2889 Ver-merle
3118 2827 3305 2889 echon
3332 2828 3511 2891 Endc

1370 2943 1422 2985 3.
1467 2922 1680 2985 XVII
1684 2923 1721 2982 I
1729 2970 1740 2982 .

1050 3123 1191 3181 484.
2562 3118 2933 3197 Βενίρποηε
2977 3120 3058 3180 17
3099 3121 3286 3181 Mdv-z
3324 3122 3503 3182 1232.

1170 3217 1597 3291 MCCXXXI,
1633 3216 1790 3278 XVI
1819 3217 1947 3278 kal.
1982 3237 2141 3296 apr,
2166 3217 2298 3278 ind.
2325 3217 2401 3276 V.
2474 3216 2528 3275 P
2544 3236 2850 3294 aganus
2880 3237 2979 3296 ep
3011 3218 3187 3278 Vult..
3219 3224 3515 3280 tenemur

1048 3318 1293 3380 solvere
1335 3316 1570 3396 Gogiro
1609 3317 1718 3396 qd.
1764 3316 1960 3379 Guidi
2003 3314 2219 3379 MCCC
2260 3315 2368 3375 lib.
2399 3315 2545 3376 den.
2577 3317 2754 3378 Vult.
2784 3322 2852 3376 et
2880 3316 3006 3377 LII
3041 3316 3151 3381 lib·
3179 3316 3325 3378 den.
3358 3317 3507 3390 Pis„

1049 3424 1188 3476 tam
1244 3434 1363 3496 pro
1416 3414 1810 3475 indumentis
1863 3416 2146 3492 episcopi
2199 3419 2268 3474 et
2323 3432 2422 3492 ep.
2467 3413 2775 3474 masnade
2828 3433 3025 3492 quam
3081 3433 3200 3495 pro
3239 3414 3402 3486 aliie,
3443 3419 3509 3475 et

1050 3530 1196 3572 cum
1237 3511 1382 3571 aliis
1421 3509 1647 3570 solut-is
1688 3517 1756 3570 et
1783 3511 2220 3570 instrumento
2250 3511 2553 3570 restituto
2582 3515 2829 3571 restent
2857 3509 3176 3571 DCCOCL
3204 3509 3336 3583 lib„
3365 3530 3511 3590 pro·

1050 3609 1372 3686 mittimus
1399 3627 1506 3669 eas
1535 3609 1874 3668 restituere
1895 3606 2134 3687 Gogiro
2162 3612 2229 3667 et
2257 3608 2392 3667 eius
2413 3608 2585 3667 socio
2608 3606 3019 3668 Merciaderio
3050 3606 3157 3686 qd.
3182 3606 3508 3669 Ildebran·

1049 3707 1186 3768 dini
1224 3706 1311 3766 ad
1350 3705 1479 3766 kal.
1524 3706 1677 3765 maii
1716 3705 1839 3766 sub
1880 3724 2049 3785 pena
2090 3703 2268 3783 dupli
2314 3710 2380 3764 et
2423 3704 2805 3765 resarciendi
2846 3704 3133 3784 dampna
3170 3710 3239 3767 et
3271 3725 3505 3784 expen-

1049 3824 1173 3864 sas.
1219 3801 1595 3884 obligamus
1636 3808 1850 3865 tot-um
1882 3804 2328 3880 episcopatum
2356 3802 2644 3879 exceptis
2672 3800 2810 3874 hiis,
2842 3802 2923 3863 de
2948 3801 3185 3881 quibus
3225 3803 3512 3881 loquitur

1196 4064 1236 4125 1)
1282 4052 1419 4112 Uber
1454 4063 1541 4112 die
1577 4061 1631 4109 H
1637 4061 1890 4120 errschalt
1926 4062 2150 4124 Gregors
2185 4059 2279 4109 IX
2320 4061 2384 4110 in·
2419 4061 2511 4110 der
2536 4060 2893 4123 Garlaqnana
2917 4060 2986 4110 iot
3010 4060 3097 4110 die
3123 4058 3512 4123 arundleqende

1047 4153 1415 4216 Abhandlunq
1451 4153 1542 4202 des
1578 4151 1882 4201 Kardinalo
1919 4151 2184 4214 Garampi
2218 4150 2596 4200 Illustraaeiom
2632 4148 2767 4199 d‘em
2802 4149 2980 4200 antico
3005 4150 3188 4212 siaiuo
3210 4149 3349 4200 della
3373 4150 3508 4201 Gar·

1045 4244 1293 4306 taquam
1312 4242 1507 4305 (Roma
1533 4242 1698 4301 1759)
1716 4256 1785 4290 zu
1809 4240 2152 4303 vorqleiohem
2181 4240 2321 4289 dazu
2344 4238 2428 4288 De
2450 4239 2670 4300 Stoloni
2690 4239 2774 4288 La
2797 4239 3042 4301 siqnoria
3065 4239 3126 4288 di
3148 4239 3398 4303 Groqon'o
3416 4239 3506 4288 IX

1047 4334 1110 4382 in
1146 4330 1501 4394 Gartaynam
1539 4331 1751 4390 (Astor.
1792 4329 1867 4380 It.
1906 4344 2003 4379 ser.
2053 4329 2097 4378 V
2137 4336 2171 4380 t.
2212 4327 2494 4378 XXVIII
2533 4330 2684 4390 1-14)
2711 4328 2828 4378 und
2853 4326 3083 4377 Rimldi
3109 4328 3147 4378 Ι
3177 4327 3512 4392 Gar-[aquini

1047 4437 1208 4471 erano
1243 4421 1451 4470 sudditi
1484 4436 1515 4469 ο
1552 4420 1947 4469 raocomandati
1982 4419 2067 4468 del
2103 4420 2286 4482 papa?
2329 4418 2709 4478 (Miscellanea
2752 4419 2814 4467 di
2847 4417 3060 4467 malms-a
3108 4432 3135 4467 e
3182 4419 3349 4468 storia
3385 4418 3502 4469 wel.

1050 4514 1098 4562 1.
1137 4515 1208 4572 2).
1282 4510 1478 4560 Ficker
1507 4510 1597 4558 hat
1622 4510 1763 4558 disse
1792 4509 1963 4558 Phene
1991 4509 2081 4557 der
2107 4507 2586 4572 qarfaqninischen
2609 4505 3091 4570 Rectus-‚quoniame
3116 4507 3265 4558 nicht
3287 4508 3504 4559 beu-eoh-

1045 4600 1272 4661 sioffliqt.
