4000 5700
403 584 524 591 ——-.
753 586 766 590 -
779 586 966 590 *XX—j«.

1037 490 1480 545 REGESTUM
1515 491 2207 592 VOLATERRANUM
2744 495 2851 550 289

393 688 529 746 855.
1979 690 2271 763 volterra,
2317 690 2398 751 13
2440 692 2626 752 Mcirz
2666 692 2845 754 1278.

510 781 1018 852 MOCLXXVII,
1061 783 1190 844 ind.
1235 783 1348 857 VI,
1392 782 1566 845 XIII
1608 790 1796 847 mart.
1891 786 2033 847 Act.
2091 785 2271 847 Vult.
2327 787 2395 848 in
2451 787 2695 868 palatio
2748 808 2845 867 ep.

393 879 672 942 Martino
695 885 935 942 rectore
961 882 1109 942 eccl.
1134 900 1181 941 s.
1206 881 1434 958 Angeli
1454 890 1520 942 et
1542 882 1744 960 presb.
1769 882 2055 943 Arnaldo
2084 890 2328 944 rectore
2352 885 2497 945 eccl.
2523 905 2571 946 s.
2598 884 2847 948 Stefani

393 984 471 1038 tt.
555 978 1026 1058 Raynerius
1067 998 1164 1058 ep.
1208 978 1382 1040 Vult.
1426 980 1766 1042 mandavit
1807 980 2003 1044 Nerio
2044 982 2267 1043 comiti
2297 984 2401 1060 qd.
2435 982 2669 1044 Aliocti
2694 983 2849 1061 ¹)de

393 1076 845 1150 Guardjstallo,
889 1083 966 1137 ut
1003 1076 1128 1138 sibi
1167 1077 1526 1138 dimitteret
1554 1082 1803 1155 partem
1833 1079 2305 1158 aliquantulam
2335 1082 2531 1142 castri
2559 1080 2845 1154 Casallie,

391 1194 587 1253 quam
630 1174 782 1236 olim
826 1174 907 1236 ab
950 1194 1046 1254 ep.
1091 1175 1323 1236 habuit
1351 1173 1419 1237 in
1443 1175 1711 1237 feudum
1737 1176 2053 1256 Ugolinus
2089 1177 2169 1238 de
2197 1178 2419 1239 Monte
2448 1178 2755 1240 Scudario
2783 1184 2849 1239 et

393 1272 753 1351 Raynerius
794 1292 1008 1333 comes
1047 1273 1129 1333 de
1163 1270 1422 1353 Belgari
1447 1274 1511 1350 ¹).
1595 1272 1957 1354 Raynerius
1990 1274 2100 1354 qd.
2131 1275 2355 1340 Iacobi
2380 1276 2574 1337 iudex
2604 1276 2736 1339 ord.
2768 1297 2847 1338 ex

392 1368 860 1431 abbreviaturis
902 1368 1122 1431 Iacobi
1164 1370 1271 1449 qd.
1318 1370 1561 1431 Posche
1601 1372 1822 1451 patris.

717 1468 878 1529 Volt.
925 1468 1165 1529 AVeec.
1196 1487 1245 1527 s.
1278 1465 1468 1530 XIII
1494 1468 1620 1528 dec.
1651 1467 1694 1530 8
1718 1488 1784 1530 π.
1813 1469 1895 1530 62
1936 1469 2111 1546 Oriq.
2144 1471 2326 1532 Liber
2364 1473 2607 1533 iuriam
2649 1470 2705 1533 8¹
2743 1474 2844 1534 cit.

392 1761 530 1820 856.
1906 1763 2275 1840 Bet-immae,
2319 1763 2402 1824 30
2441 1764 2627 1827 Mc'irz
2666 1764 2845 1826 1278.

516 1857 851 1917 Rainer
836 1875 956 1918 ius
999 1855 1172 1918 Vult.
1214 1877 1311 1937 ep.
1355 1858 1641 1938 Ardingo
1668 1860 1862 1939 priori
1890 1859 1971 1921 de
1999 1860 2272 1922 Casallia
2302 1860 2600 1940 plebatus
2627 1860 2848 1924 Sancti

392 1955 771 2016 Geminiani.
853 1953 1067 2017 Presb.
1111 1954 1406 2017 Ventura
1443 1963 1653 2018 rector
1704 1956 1852 2018 eccl.
1895 1957 1976 2019 de
2032 1958 2313 2020 Paterno
2371 1960 2555 2022 nobis
2608 1961 2847 2040 suppli-

391 2055 584 2122 cavit,
627 2058 705 2113 ut
743 2053 803 2113 ei
845 2050 1169 2115 licentiam
1196 2055 1609 2134 permutandi
1635 2057 2099 2134 possessionem
2128 2057 2275 2118 eccl.
2308 2057 2482 2119 intra
2508 2059 2847 2119 circuitum

390 2150 585 2212 castri
624 2151 705 2212 de
744 2148 1052 2211 Maczolla
1080 2170 1228 2213 cum
1256 2153 1380 2212 alia
1408 2152 1663 2214 utiliore
1691 2153 2222 2233 impenderemus.
2252 2154 2657 2228 Mandamus,
2694 2175 2847 2236 qua-

391 2250 567 2309 tinus
621 2246 945 2318 accedens,
985 2249 1039 2309 si
1080 2248 1395 2311 inveneris
1435 2270 1514 2311 ex
1568 2252 2046 2328 permutatione
2102 2252 2456 2315 utilitatem
2516 2253 2661 2316 eccl.
2704 2274 2846 2333 pro-

392 2348 617 2418 curari,
682 2345 965 2409 Venture
1026 2347 1348 2409 licentiam
1404 2347 1756 2428 impendas.
1862 2348 2015 2410 Dat.
2074 2349 2435 2430 Berignone
2493 2352 2848 2430 penultimo

392 2447 603 2513 mart„
646 2443 740 2504 VI
782 2443 910 2505 ind.
2570 2526 2577 2532 ,

705 2542 910 2603 Insert
950 2543 1021 2602 in
1062 2562 1125 2602 n.
1173 2542 1294 2604 858
1344 2543 1542 2621 (Oriq.
1597 2542 1761 2604 hatte
1802 2548 2033 2621 manee
2082 2544 2494 2623 Waclzssieqel
2537 2547 2653 2606 mit
2692 2546 2848 2607 Bild

712 2640 877 2701 eines
918 2639 1204 2718 Biechojs
1244 2639 1378 2701 und
1416 2639 1693 2719 Leqende
1731 2639 1794 2702 S.
1841 2641 2127 2703 Rainerii
2169 2645 2275 2722 epi
2316 2642 2732 2722 Vulterrani).

392 2933 531 2995 857.
2086 2935 2304 3007 Roma,
2349 2937 2390 2997 9
2430 2937 2626 3017 April
2663 2938 2844 3001 1278.

511 3028 826 3093 Omnibus
886 3032 1161 3093 Iacobus
1215 3052 1355 3094 can.
1412 3032 1854 3105 Bononiensis,
1907 3034 2313 3096 decretorum
2370 3034 2623 3108 doctor,
2680 3056 2848 3117 pape

390 3125 755 3207 capellanus
794 3134 859 3190 et
899 3128 1261 3191 litterarum
1303 3131 1849 3192 contradictarum
1891 3133 2168 3193 auditor.
2252 3132 2317 3194 N
2319 3135 2600 3204 overitis,
2651 3134 2845 3212 quod,

389 3245 536 3287 cum
578 3227 746 3287 inter
773 3227 1082 3289 Iacobum
1110 3228 1359 3290 dictum
1385 3228 1638 3308 Lapum
1667 3236 2149 3307 procuratorem
2178 3231 2550 3309 potestatis,
2583 3231 2845 3306 consilii,

389 3325 680 3385 comunis
721 3326 916 3386 castri
953 3325 1034 3386 de
1075 3325 1314 3387 Sancto
1354 3325 1731 3387 Geminiano
1771 3331 1840 3387 et
1881 3326 2277 3406 Phylippum
2330 3328 2408 3389 de
2448 3327 2676 3391 Leccio
2704 3349 2849 3408 pro·

390 3427 750 3483 curatorem
793 3422 1244 3500 (Rainerii)
1286 3443 1384 3502 ep.
1427 3423 1602 3485 Vult.
1645 3443 1838 3503 super
1878 3424 2385 3504 incompetentia
2431 3426 2557 3488 loci
2593 3432 2658 3488 et
2687 3427 2847 3488 iudi·

390 3538 538 3580 cum
578 3519 746 3580 foret
788 3522 854 3582 in
895 3541 1038 3581 mea
1079 3523 1398 3600 presentia
1440 3522 1728 3601 ligatum,
1774 3521 2050 3584 Iacobus
2086 3524 2437 3602 plebanum
2470 3524 2679 3587 Castri
2704 3524 2758 3585 F
2762 3526 2845 3586 lo·

387 3618 624 3678 rentini
664 3623 730 3678 et
770 3617 1127 3697 Phylippus
1169 3618 1530 3680 Panioliam
1571 3638 1707 3679 can.
1753 3618 1955 3697 plebis
1995 3620 2077 3680 de
2119 3618 2291 3682 Colle
2338 3622 2523 3683 vallis
2568 3622 2712 3683 Else
2755 3624 2847 3683 iu-

388 3715 560 3776 dices
600 3715 924 3795 elegerunt
965 3724 1031 3776 et
1073 3736 1189 3778 nos
1229 3718 1628 3796 prepositum
1670 3716 1814 3777 eccl.
1859 3716 2186 3780 Pratensis
2229 3719 2524 3798 partibus
2563 3720 2848 3781 medium

385 3817 455 3873 et
496 3832 901 3875 communem
941 3815 1218 3876 iudicem
1261 3813 1737 3892 deputavimus,
1784 3817 1880 3878 ita
1918 3821 2158 3889 tamen,
2199 3816 2375 3896 quod
2401 3817 2644 3879 iudices
2673 3820 2851 3898 apud

388 3909 659 3971 Pratum
679 3910 905 3973 Pistor.
924 3911 1084 3972 dioc.
1104 3913 1491 3974 conveniant
1514 3913 1854 3973 tractaturi
1874 3913 2230 3975 secundum
2254 3914 2567 3993 scriptum
2592 3935 2761 3993 pape
2779 3915 2846 3991 ²).

388 4008 469 4070 In
509 4011 691 4070 cuius
718 4010 1159 4072 conventionis
1199 4010 1640 4072 testimonium
1684 4011 1930 4072 litteras
1958 4016 2286 4090 presentes
2319 4012 2452 4073 fieri
2479 4012 2748 4075 fecimus
2781 4021 2849 4073 et

389 4105 714 4167 audientie
739 4107 1288 4169 contradictarum
1315 4104 1522 4187 sigillo
1549 4108 1800 4168 muniri.
1886 4110 2036 4169 Dat.
2068 4108 2275 4170 Rome
2304 4110 2479 4189 apud
2509 4129 2557 4172 s.
2583 4109 2849 4172 Petrum

387 4202 447 4264 V
486 4204 572 4265 id.
617 4224 773 4283 apr„
802 4203 1052 4267 Nicolai
1090 4224 1258 4284 pape
1299 4206 1405 4267 ΠΙ
1446 4210 1628 4285 pont.
1672 4205 1724 4266 I.

715 4302 873 4364 Volt.
919 4301 1160 4364 Avesc.
1202 4324 1254 4364 ε.
1300 4303 1491 4363 XIII
1529 4302 1650 4364 dec.
1698 4303 1737 4364 8
1776 4323 1841 4363 n.
1884 4304 1966 4364 53
2020 4305 2192 4381 Θήρ.
2255 4305 2488 4383 (Sieqel
2527 4308 2845 4385 verloren).

709 4398 844 4459 San
888 4400 1268 4477 Gimiqnano
1311 4400 1546 4461 AGom.
1591 4400 1771 4460 Liber
1811 4400 2067 4460 blancus
2112 4402 2189 4461 75
2231 4402 2386 4479 Cop.
2429 4422 2478 4463 ε.
2526 4402 2715 4464 XIII
2754 4423 2846 4467 ex.

393 4704 437 4768 ¹)
479 4705 596 4755 Aue
632 4705 751 4754 dem
789 4707 976 4754 Haase
1018 4705 1387 4755 aher-ardesco.
1538 4707 1581 4773 2)
1620 4705 1893 4765 luserim,
1932 4706 2075 4756 siche
2114 4722 2167 4756 n.
2213 4710 2331 4757 854.

609 4884 671 4931 19
