4000 5700
1140 535 1247 589 258
1787 532 2227 587 REGESTUM
2272 533 2427 585 vol
2431 532 2711 585 ATERR
2714 532 2951 586 ANUM

1148 734 1282 796 771.
2772 729 2952 803 Pica,
2997 728 3078 790 28
3118 729 3378 791 Janum·
3414 730 3591 791 1267.

1264 829 1541 904 Quidam
1598 829 2028 890 Theotonicus
2071 828 2392 906 promittit
2451 827 2882 887 ambaxiatori
2927 828 3216 888 comunis
3257 827 3473 889 Vult.
3530 848 3595 887 66

1148 933 1518 989 curaturum
1561 928 1675 999 ita,
1705 927 1883 1005 quod
1909 932 2059 987 octo
2086 924 2465 986 Tbeotonici
2492 923 2759 986 stabunt
2800 924 2883 984 ad
2925 925 3258 985 servitium
3288 927 3593 985 comunis.

1460 1025 1724 1086 Florenz
1767 1024 1919 1085 Asc.
1968 1023 2158 1099 (Volt.
2204 1043 2265 1082 n.
2293 1022 2436 1096 857)
2480 1022 2654 1099 Oriq.

1148 1220 1282 1281 772.
2732 1217 2990 1289 Vitat-ba,
3022 1217 3063 1277 3
3103 1217 3381 1277 Februar
3420 1218 3591 1277 1267.

1171 1374 1197 1407 χ
1266 1316 1633 1379 Clemens
1690 1316 1795 1379 IV
1844 1315 2184 1376 Ambrosio
2226 1316 2305 1375 de
2346 1316 2482 1377 ord.
2529 1314 2714 1375 Pred.
2799 1315 3248 1376 Communicat
3290 1315 3595 1375 mandat-a

1150 1415 1479 1477 Bernardo
1531 1412 1951 1493 Languiscelli
2012 1412 2171 1475 data
2197 1415 2240 1489 ¹)
2304 1419 2369 1473 et
2432 1412 2701 1473 mandat
2767 1411 3043 1493 quedam
3108 1415 3274 1474 circa
3329 1432 3595 1473 comune

1150 1510 1371 1574 Sancti
1411 1510 1795 1573 Geminiani.
1897 1510 2117 1572 «Olim
2174 1511 2474 1571 dilecto».
2568 1509 2722 1569 Dat.
2776 1508 3052 1572 viterbii
3108 1508 3215 1568 III
3255 1529 3404 1570 non.
3447 1508 3595 1577 feb„

1142 1617 1324 1691 pont·
1369 1610 1735 1768 ILF'lorenz
1777 1706 1926 1767 Ast.
1975 1705 2137 1781 (San
2165 1706 2571 1782 Gimiynano)
2603 1705 2772 1782 Oriq.
2808 1705 3009 1779 (Bulla
3038 1705 3355 1781 verloren).
3438 1703 3594 1764 Edd.

1465 1806 1685 1884 Ripoll
1727 1805 2092 1867 Bullarium
2132 1805 2353 1866 Praed.
2399 1805 2438 1864 I
2477 1805 2613 1866 481.
2646 1804 2853 1883 Coppi
2883 1805 3019 1866 122.
3052 1804 3242 1882 Reqq.
3274 1803 3346 1864 P.
3377 1803 3596 1864 19930.

1466 1902 1828 1964 Davidsohn
1896 1901 2337 1979 Eoreohunqen
2409 1902 2487 1961 II
2556 1901 2675 1962 134
2742 1922 2802 1961 n.
2869 1902 2988 1962 942
3059 1900 3414 1978 (verqleu'che
3480 1900 3599 1961 133

1465 2021 1527 2060 n.
1576 1999 1696 2060 938
1724 1999 1856 2059 und
1900 1998 2021 2058 134
2066 2018 2126 2057 η.
2172 1999 2335 2075 944).
2379 1998 2563 2059 B.·F.
2573 1997 2695 2059 -W.
2742 1998 2917 2059 9727.

1150 2200 1285 2261 773.
2351 2193 2571 2254 Gasole
2621 2195 2747 2255 Val
2787 2193 3027 2268 dQElsa
3072 2194 3151 2254 31
3195 2195 3379 2255 Mdrz
3419 2192 3595 2254 1267.

1270 2294 1664 2356 Albertus
1708 2293 1884 2356 Vult.
1929 2312 2025 2370 ep.
2070 2292 2137 2352 111
2177 2292 2623 2368 emphiteosim
2679 2297 3055 2369 perpetuam
3115 2290 3294 2350 dedit
3336 2288 3599 2349 Alberto

1149 2395 1258 2474 qd,
1303 2391 1763 2454 Gualanduccii
1804 2391 1884 2452 de
1925 2390 2150 2450 Leccia
2191 2388 2455 2448 domum
2486 2394 2552 2447 et
2582 2388 2836 2466 podere
2878 2407 3003 2467 que
3043 2387 3303 2447 fuerunt
3346 2387 3454 2465 qd.
3484 2385 3599 2445 Mi·

1152 2492 1387 2553 chaelis
1415 2489 1876 2551 Gualanduccii
1902 2487 2118 2547 fratris
2148 2488 2304 2558 eius,
2339 2488 2549 2564 posita
2582 2485 2754 2564 apud
2796 2486 3108 2557 Lecciam,
3139 2484 3258 2544 sub
3304 2484 3601 2563 pensione

1154 2587 1292 2649 XII
1333 2587 1478 2648 den.
1522 2606 1699 2665 parv.
1731 2585 1878 2658 Pis.;
1907 2604 2055 2663 pen.
2086 2582 2194 2644 lib.
2225 2583 2421 2644 XXV
2448 2583 2594 2645 den.
2677 2583 2822 2642 Act.
2854 2582 3100 2643 Casulis
3127 2582 3302 2661 apud
3330 2580 3598 2660 plebem.

1155 2687 1465 2749 Bertuldo
1506 2704 1646 2745 can.
1688 2683 1867 2747 Vult.
1907 2683 2222 2744 Ricovero
2252 2684 2575 2762 preposito
2604 2681 2943 2743 Casulensi.
2977 2681 3231 2741 Maturo
3260 2681 3366 2759 qd.
3398 2679 3600 2740 Fatti-

1162 2785 1481 2846 buoni-tt.
1580 2780 2019 2853 MCCLXVII,
2063 2780 2194 2841 ind.
2245 2782 2327 2852 X,
2372 2779 2608 2839 XXXI
2653 2787 2841 2839 mart.
2947 2779 3437 2839 Ildebrandinus
3491 2777 3599 2856 qd.

1154 2884 1419 2947 Gerardi
1460 2887 1597 2943 not.

1475 2981 1628 3042 Volt.
1675 2980 1912 3040 AVesc.
1954 2998 2003 3038 3.
2052 2978 2239 3037 XIII
2281 2980 2398 3038 dec.
2450 2979 2486 3037 7
2523 2998 2585 3037 π.
2632 2977 2711 3037 35
2754 2977 2921 3054 Oriy.

1155 3179 1291 3240 774.
2495 3174 2631 3234 San
2675 3174 3072 3250 GimiqnanO,
3117 3173 3196 3233 15
3240 3173 3385 3233 Mai
3425 3172 3601 3234 1267.

1274 3275 1573 3335 Potestas
1614 3281 1681 3333 et
1722 3272 2055 3333 consilium
2097 3274 2291 3332 castri
2319 3271 2539 3334 Sancti
2569 3270 2932 3331 Geminiani
2959 3271 3170 3330 iurant
3212 3270 3498 3331 Roberto
3525 3269 3603 3329 de

1161 3372 1421 3432 Laveno
1461 3370 1614 3429 iuris
1657 3368 2017 3448 professori,
2048 3369 2444 3445 procuratori
2474 3373 2539 3426 et
2566 3366 2862 3427 familiari
2908 3365 3203 3425 Karuli
3247 3367 3459 3444 regis
3500 3365 3603 3424 si-

1158 3468 1368 3541 cilie,
1412 3467 1789 3528 fidelitatem
1834 3474 1902 3527 et
1941 3466 2255 3526 auxilium
2298 3471 2522 3525 contra
2550 3464 3017 3535 Conradinum3
3052 3464 3161 3542 qui
3189 3464 3514 3542 promittit
3541 3482 3607 3522 se

1152 3570 1248 3628 ita
1289 3566 1636 3639 facturum,
1681 3565 1856 3644 quod
1897 3584 2010 3625 rex
2051 3571 2353 3637 castrum,
2395 3563 2705 3633 homines,
2750 3565 2889 3622 iura
2931 3583 3147 3622 eorum
3192 3560 3492 3621 salvabit.

1474 3664 1734 3724 Florenz
1774 3662 1923 3724 Ast.
1959 3662 2119 3736 (San
2154 3662 2556 3738 Gimiynano)
2588 3660 2759 3738 Oriq.
2806 3660 3035 3738 (Sicyel
3075 3661 3389 3737 verloren).
3473 3661 3608 3721 San

1477 3761 1856 3836 Gimiqnano
1910 3760 2144 3822 AGom.
2202 3760 2385 3820 Liber
2437 3759 2696 3819 blancus
2760 3757 2853 3819 79'
2902 3757 3056 3835 Cop.
3106 3776 3153 3817 6.
3198 3756 3405 3819 XIII.
3487 3757 3606 3818 Ed.

1474 3859 1696 3920 Ficker
1752 3859 1850 3919 IV
1918 3858 2038 3917 455
2078 3878 2138 3917 n.
2199 3857 2337 3916 449.
2381 3857 2571 3932 11699.
2618 3855 2927 3916 B.-F.-W.
2985 3855 3202 3916 14345.
3249 3854 3609 3915 Βαυίἀεοήπ

1477 3959 1534 4018 F
1536 3959 1912 4034 orsclcunyen
1962 3956 2033 4015 Il
2081 3957 2201 4016 135
2241 3976 2301 4015 n.
2347 3956 2481 4014 956.

1158 4155 1295 4218 775.
2889 4150 3074 4224 Colle,
3119 4149 3201 4210 16
3241 4149 3388 4209 Mai
3429 4149 3609 4210 1267.

1277 4253 1716 4322 MCCLXVII,
1764 4252 1864 4312 die
1908 4251 2076 4320 111116,
2122 4249 2281 4310 XVI
2340 4253 2485 4321 mai,
2531 4250 2662 4309 ind.
2709 4250 2795 4320 X,
2842 4248 3015 4327 apud
3058 4248 3249 4320 Colle,
3293 4248 3610 4308 existente

1158 4353 1480 4414 Clemente
1523 4371 1564 4428 p
1570 4372 1710 4428 1911.
1794 4349 2089 4426 Arigolus
2119 4349 2399 4408 Accarisi
2426 4353 2714 4425 potestas
2745 4347 3032 4408 comunis
3062 4346 3140 4405 de
3172 4345 3339 4409 Colle
3366 4351 3435 4404 et
3461 4362 3609 4402 0011-

1157 4450 1375 4512 siliarii
1417 4451 1790 4509 iuraverunt
1834 4446 2082 4507 Uberto
2122 4446 2203 4505 de
2244 4446 2505 4507 Laveno
2544 4446 2697 4506 iuris
2725 4445 3085 4523 professori,
3119 4443 3512 4522 procuratori
3542 4449 3613 4501 et

1156 4546 1455 4609 familiari
1496 4546 1792 4606 Karuli
1833 4545 2052 4622 regis
2092 4542 2397 4616 Sicilie,
2443 4544 2619 4622 quod
2661 4551 2848 4604 erunt
2889 4542 3105 4602 fideles
3148 4542 3298 4620 regi,
3333 4540 3612 4600 Beatrici

1307 4755 1349 4820 ¹)
1386 4755 1660 4812 Imoriert,
1700 4753 1830 4802 oben
1865 4769 1918 4802 η.
1967 4759 2079 4804 770.
