4000 5700
1118 498 1217 546 1:36
1576 540 1584 546 .
1754 492 2198 546 REGESTUM
2235 491 2918 545 VOLATERRANUM

1108 691 1174 751 in
1220 690 1403 750 bonis
1442 689 2060 767 consanguineorum
2104 694 2169 747 et
2221 689 2570 749 amicorum
2627 705 2854 764 passus
2905 691 3024 747 est.
3122 686 3582 766 Interrogatus

1111 786 1531 857 Izimbardu5‚
1576 787 1627 846 si
1672 785 2094 846 Ildebrandus
2141 785 2386 855 Romei,
2432 785 2694 863 quando
2733 792 2875 846 erat
2902 791 3209 863 potestas,
3247 783 3574 845 destruxit

1112 893 1351 944 turrem
1398 881 1700 943 Belfortis
1726 891 1791 944 et
1821 881 2042 961 Sigerii
2093 880 2405 943 Vulterris
2433 884 2500 942 in
2529 882 2724 942 Prato
2750 887 2818 941 et
2845 881 3110 944 domum
3145 880 3370 961 Sigerii
3397 886 3569 945 retro

1113 987 1373 1051 turrem,
1419 964 1767 1057 respondit,
1799 978 1973 1057 quod
1998 978 2154 1039 feeit
2196 980 2437 1039 destrui
2465 982 2530 1053 ¹).
2569 977 2748 1057 quod
2771 978 3174 1040 destructum
3202 986 3321 1039 est.
3357 979 3424 1041 Si
3451 997 3576 1056 pro

1112 1077 1548 1138 destructione
1590 1077 1783 1136 turris
1826 1074 2110 1138 Belforte
2151 1082 2218 1135 et
2258 1076 2490 1136 fratres
2528 1075 2839 1136 damnum
2881 1077 3053 1155 passi
3080 1077 3212 1136 sint
3245 1074 3354 1136 lib.
3384 1074 3571 1137 00Οέ

1118 1174 1262 1234 Non
1305 1173 1506 1234 credit
1547 1171 1625 1232 de
1667 1172 1852 1251 pluri,
1897 1180 1965 1232 et
2007 1192 2124 1250 pro
2165 1172 2601 1232 destructione
2640 1171 2870 1232 domus
2909 1171 3191 1232 Belsorte
3219 1190 3444 1249 passus
3471 1176 3572 1232 est

1114 1272 1423 1332 damnum
1471 1270 1576 1330 lib.
1621 1269 1760 1330 LX.
1807 1270 1871 1329 Si
1913 1269 2188 1349 Sigmius
2230 1269 2539 1329 damnum
2584 1288 2809 1347 passus
2863 1276 2956 1329 est
3002 1269 3112 1330 lib.
3158 1269 3406 1330 LXXX
3453 1287 3588 1347 pro-

1115 1366 1527 1430 demolitione
1567 1368 1840 1428 domusz
1886 1368 2103 1427 Credit
2145 1368 2227 1427 de
2256 1364 2361 1426 lib.
2395 1367 2547 1427 XX.
2578 1366 2646 1428 Si
2676 1374 2936 1445 possent
2963 1367 3218 1427 restitui
3245 1386 3361 1444 pro
3380 1365 3576 1427 dietis

1119 1465 1643 1546 quantitatibus?
1686 1463 1935 1535 Credit;
1980 1466 2134 1526 item
2180 1466 2260 1526 de
2306 1464 2488 1525 CXX
2547 1463 2659 1524 sol.
2704 1482 2822 1542 pro
2877 1464 3106 1535 alii52).
3163 1462 3230 1524 Si
3282 1468 3584 1543 potestas

1119 1563 1386 1626 abstulit
1432 1564 1692 1623 tenitoii
1733 1562 2067 1622 cuiusdam
2111 1563 2293 1623 vinee
2338 1562 2637 1622 Belfortis
2701 1564 2748 1623 L
2802 1563 2917 1622 sol.
2961 1581 3077 1641 pro
3133 1563 3584 1640 redemptione

1118 1661 1585 1723 devastationis
1626 1662 1796 1737 greci
1822 1662 1892 1735 ³),
1923 1661 2096 1739 quod
2126 1670 2264 1722 erat
2307 1661 2375 1722 in
2416 1661 2604 1721 vinea
2643 1660 2826 1740 [....]
2852 1663 2931 1736 Ἥ
2979 1659 3045 1720 Si
3088 1660 3363 1739 populus
3391 1660 3570 1721 Vult.

1116 1761 1447 1837 campanis
1486 1757 1756 1847 pulsatis
1798 1758 1883 1818 ad
1921 1766 2240 1818 sturmum
2302 1756 2399 1819 vel
2455 1758 2924 1835 parlamentum
2980 1758 3384 1819 coadunatus
3423 1778 3571 1819 cum

1121 1859 1314 1919 armis
1354 1858 1609 1918 iverunt
1651 1857 1738 1916 ad
1778 1856 2006 1915 turrim
2051 1866 2116 1915 et
2158 1854 2381 1917 domos
2410 1855 2683 1917 filiorum
2714 1855 3158 1918 Bonefidantie
3186 1862 3251 1916 et
3281 1855 3591 1928 aliorum„

1122 1974 1283 2034 quas
1325 1954 1825 2015 destruxerunt?
1875 1952 2019 2012 Non
2062 1952 2298 2025 credit3
2349 1953 2686 2032 picconerii
2739 1974 2818 2014 ex
2877 1961 3174 2032 precepto
3229 1954 3572 2032 potestatis

1122 2053 1579 2113 destruxerunt
1618 2070 1745 2111 eae.
1790 2049 1856 2110 Si
1898 2050 2232 2129 picconerii
2275 2050 2536 2112 fuerunt
2579 2051 2762 2112 electi
2806 2073 2847 2112 a
2887 2058 3210 2129 potestate
3236 2071 3383 2111 eum
3425 2070 3582 2113 con-

1121 2150 1263 2211 silio
1304 2149 1617 2210 bonorum
1662 2150 2038 2211 hominuml
2087 2150 2235 2209 Non
2275 2150 2498 2211 credit.
2549 2148 2635 2221 Si,
2683 2157 3034 2228 antequam
3078 2148 3309 2212 domus
3350 2148 3584 2230 Sigerii

1120 2248 1316 2309 fuerit
1357 2248 1706 2317 destructa,
1750 2248 1801 2308 is
1845 2244 1999 2307 nihil
2043 2248 2364 2307 commisit
2405 2255 2628 2308 eontra
2657 2253 3049 2326 potestatem
3092 2267 3206 2309 nec
3252 2246 3333 2309 ab
3363 2249 3500 2325 ipsa
3525 2249 3569 2323 ⁵)

1122 2345 1250 2406 fuit
1290 2346 1677 2423 inquisitus3
1724 2343 1871 2405 Non
1919 2343 2146 2405 habuit
2188 2342 2360 2404 mala
2405 2344 2616 2417 verba,
2662 2344 2775 2405 sed
2824 2345 3046 2417 credit,
3090 2345 3268 2424 quod
3312 2343 3441 2405 fuit
3480 2345 3585 2405 in-

1122 2445 1417 2523 quisituS.
1503 2441 1804 2503 Belfortis
1846 2450 1912 2504 et
1953 2442 2229 2521 Sigerius
2271 2461 2402 2503 non
2441 2442 2705 2503 fuerunt
2746 2462 2821 2503 ea
2862 2443 2966 2504 die
3012 2444 3079 2503 in
3133 2442 3333 2504 Prato
3374 2442 3582 2514 Vult.,

1123 2542 1385 2621 quando
1424 2541 1692 2619 proiecti
1719 2548 1871 2600 sunt
1899 2540 2144 2618 lapides
2186 2540 2270 2603 ad
2311 2540 2662 2619 hospitium
2706 2542 3093 2619 potestatis?
3127 2540 3364 2613 Credit,
3401 2539 3576 2619 quod

1122 2638 1493 2701 acciderunt
1535 2645 1683 2717 post
1724 2637 1973 2699 dirutas
2016 2645 2253 2697 turrem
2300 2645 2366 2697 et
2407 2638 2667 2710 domos;
2710 2644 2810 2697 set
2850 2657 2968 2699 nec
2994 2637 3330 2700 Cunradus
3357 2644 3425 2698 et
3449 2637 3580 2698 fra·

1125 2744 1257 2798 tres
1297 2736 1685 2797 confitentur
1726 2737 1845 2795 nisi
1888 2743 1963 2796 ut
2007 2756 2220 2814 supra.
2266 2738 2711 2815 Interrogatus
2754 2735 3107 2808 Cunradus,
3153 2737 3206 2797 si
3246 2737 3401 2814 ipse,
3434 2736 3582 2797 Bel·

1123 2836 1310 2897 fortis
1342 2844 1425 2895 'ct-
1461 2833 1735 2912 sigerius
1778 2836 2155 2896 iuraverunt
2184 2835 2269 2896 ad
2298 2834 2490 2895 breve
2521 2835 2739 2914 populi
2769 2855 2844 2895 eo
2873 2856 3062 2908 anno,
3095 2855 3225 2915 quo
3252 2834 3379 2896 fuit
3409 2834 3580 2897 Ilde·

1127 2935 1410 2996 brandus
1440 2934 1667 2995 Romei
1698 2940 2007 3012 potestas,
2038 2934 2240 2995 credit
2267 2935 2443 3012 quod
2472 2935 2580 2994 sic.
2613 2933 2766 2994 siin
2787 2954 2864 2995 eo
2885 2934 3357 3006 continebatur,
3380 2934 3582 3013 quod,

1127 3034 1238 3111 qui
1280 3030 1558 3102 iurabat,
1604 3030 1947 3092 tenebatur
1989 3030 2327 3093 observare
2369 3031 2590 3093 banna
2617 3034 2959 3109 potestatis
2987 3031 3069 3092 de
3095 3032 3210 3103 his,
3241 3052 3366 3111 que
3393 3038 3588 3093 erant

1124 3131 1192 3190 in
1233 3128 1629 3190 constitut-03
1677 3127 1911 3199 Credit,
1955 3127 2037 3188 de
2077 3128 2218 3188 aliis
2259 3147 2409 3188 non.
2454 3129 2522 3190 Si
2563 3127 2840 3207 Sigerius
2866 3130 3058 3190 scivit
3084 3148 3151 3189 se
3179 3147 3315 3189 esse
3342 3127 3584 3190 exban·

1127 3227 1361 3296 nitum,
1403 3226 1587 3305 [quia
1624 3244 1755 3285 non
1789 3223 1970 3305 fecit]
2015 3231 2316 3303 precepta
2346 3227 2731 3303 potestatisl
2779 3225 3167 3304 Respondit:
3215 3226 3584 3304 Antequam

1125 3324 1485 3384 destrueret
1526 3325 1755 3384 turrim
1797 3329 1865 3383 et
1904 3324 2169 3383 domum
2212 3324 2365 3383 eius.
2398 3322 2462 3384 Si
2490 3330 2797 3409 ceperunt
2824 3324 3102 3402 aliquem
3126 3324 3584 3385 Vulterranum

1126 3421 1303 3501 apud
1346 3422 1739 3482 mansionem
1793 3420 2044 3499 Templi
2097 3426 2165 3480 et
2222 3419 2631 3481 abstulerunt
2691 3422 2783 3481 eis
2807 3423 2854 3498 Β)
2918 3440 3119 3494 areos,
3183 3421 3576 3492 ronthinum,

1129 3519 1373 3592 strales,
1418 3518 1720 3580 rotellas?
1765 3518 2144 3590 Confitetur,
2179 3519 2348 3596 quod
2383 3517 2694 3590 interfuit,
2741 3517 3002 3602 quando
3042 3526 3271 3597 eaptus
3305 3518 3452 3592 fuit-;
3483 3537 3580 3579 ee·

1131 3622 1271 3678 tera
1318 3622 1542 3695 negat.
1592 3615 1656 3677 Si
1711 3615 2001 3676 fecerunt
2059 3617 2564 3677 coniurationem
2619 3636 2765 3676 cum
2824 3617 3137 3696 (Pagano)
3194 3636 3295 3695 ep.
3355 3615 3578 3678 Vult]

1130 3713 1537 3795 [Confitetur]
1580 3734 1646 3774 se
1686 3714 1925 3783 fecisse,
1969 3734 2116 3774 cum
2160 3715 2289 3775 iam
2332 3721 2542 3775 essent
2584 3716 3121 3775 excommunicati
3152 3714 3326 3776 Vult.
3370 3714 3436 3778 si
3478 3735 3575 3795 ep.

1130 3811 1424 3890 promisit
1465 3811 1554 3870 eis
1594 3810 1746 3871 dare
1790 3816 1991 3871 terras
2034 3830 2183 3870 suas
2225 3811 2322 3871 vel
2368 3810 2671 3889 aliquam,
2715 3811 2768 3871 si
2795 3809 3082 3872 facerent
3108 3830 3400 3890 guerram
3430 3812 3581 3872 Vul-

1132 3909 1447 3969 terranisz
1488 3906 1883 3987 Respondit:
1915 3908 2070 3968 Post
2098 3908 2338 3968 damna
2365 3908 2522 3969 data
2549 3914 2614 3969 et
2645 3909 3373 3971 excommunicationem
3403 3908 3579 3970 Vult.

1132 4006 1427 4086 promisit
1465 4005 1619 4066 dare
1660 4007 1750 4066 eis
1792 4006 2126 4084 refugium.
2173 4004 2235 4065 Si
2281 4008 2582 4068 convenit
2622 4007 2712 4066 eis
2753 4012 3034 4067 castrum
3077 4007 3158 4067 de
3186 4007 3577 4086 Berignonei

1134 4104 1491 4183 Respondit·
1531 4104 1755 4165 eodem
1802 4104 2014 4165 modo.
2091 4103 2649 4183 Condempnamus
2703 4124 2973 4165 comune
3014 4107 3079 4166 in
3136 4105 3246 4167 lib.
3290 4106 3388 4167 OC
3434 4105 3578 4167 den.

1133 4198 1310 4260 Vult.
1354 4218 1471 4277 pro
1511 4198 1754 4260 damno
1792 4198 1972 4259 illato
2018 4197 2286 4260 Belforti
2327 4206 2395 4259 et
2437 4197 2709 4277 Sigerio;
2753 4199 2863 4259 lib.
2907 4198 2962 4258 L
2995 4218 3111 4278 pro
3136 4199 3378 4262 damno
3403 4198 3586 4261 illato

1131 4296 1448 4367 Cunrado,
1495 4315 1641 4356 eum
1682 4296 1823 4357 aliis
1865 4297 1918 4356 L
1958 4316 2077 4375 pro
2103 4296 2343 4356 damno
2369 4297 2428 4358 ei
2456 4297 2638 4357 illato
2664 4297 2732 4356 in
2760 4297 2954 4368 turri;
3000 4296 3024 4376 [
3029 4342 3182 4358 .....
3188 4296 3213 4376 ]
3237 4297 3285 4374 ⁷)
3328 4295 3436 4356 lib.
3465 4315 3584 4374 pro

1278 4434 1317 4496 ι)
1357 4433 1474 4483 Dae
1511 4433 1673 4483 heia-st
1707 4433 1844 4482 wohl
1881 4433 2314 4483 Ildebrandinus
2350 4434 2566 4484 Romei.
2785 4435 2827 4496 ³)
2878 4435 3119 4497 Ldnqers
3160 4433 3320 4483 Stella
3355 4437 3581 4492 tersior-t,

1131 4523 1315 4585 Obiekt
1349 4523 1497 4573 nieht
1519 4538 1587 4572 zu
1623 4523 1852 4573 enchon.
1966 4523 2010 4584 ⁵¹)
2050 4525 2149 4570 So!
2253 4523 2296 4585 4)
2335 4523 2441 4573 Die
2480 4523 2791 4573 Antworten
2813 4523 2976 4585 υόὶιίρ
2999 4522 3252 4573 ver-Ioron.
3401 4519 3444 4587 ι’)
3480 4523 3583 4572 Er·

1130 4616 1291 4672 ydnze
1328 4614 1629 4675 potestate.
1738 4607 1781 4674 ⁸)
1820 4613 1921 4661 So!
2033 4609 2074 4674 ⁷)
2103 4612 2345 4662 Grossere
2373 4613 2572 4661 Sallen
2592 4628 2727 4674 qam
2753 4613 3065 4668 verblichen:
3093 4628 3200 4662 nur
3226 4628 3363 4675 qam
3386 4612 3586 4663 sichero

1126 4701 1524 4764 Erqdnzunyen
1562 4701 1778 4750 wurden
1814 4702 2242 4764 aujyenommen.
