4000 5700
1118 490 1226 542 290
1765 492 1894 544 RE'
1913 491 2205 545 :ESTUM
2246 491 2931 546 VOLATERRANUM

1122 688 1258 746 858.
2662 686 2995 759 Μαεεοῑῑα,
3040 688 3119 748 21
3164 687 3356 764 April
3396 688 3561 748 1278

1240 783 1783 852 MCCLXXVIII,
1826 783 1958 843 ind.
2006 783 2114 852 VI,
2160 782 2328 843 XXI
2373 804 2503 864 apr.
2590 784 2914 863 Ardingus
2954 785 3125 864 prior
3171 785 3252 845 de
3307 785 3580 846 Casallia

1121 882 1202 943 de
1233 881 1540 942 mandato
1578 881 1954 942 Rainerii
1996 901 2094 960 ep.
2120 880 2315 942 Vult.¹
2328 888 2347 959 )
2380 882 2686 943 accedens
2719 881 2800 942 ad
2830 886 3113 943 castrum
3140 883 3221 943 de
3249 882 3575 955 mazona,

1122 998 1506 1058 cognoscens
1548 983 1754 1039 certas
1796 979 2222 1057 possessiones
2263 977 2435 1039 Vult.
2482 979 2771 1039 comunis
2812 997 2947 1038 esse
2990 977 3281 1039 meliores
3319 980 3579 1040 ecclesie

1121 1077 1201 1136 de
1243 1074 1520 1135 Paterno
1550 1093 1745 1152 quam
1775 1094 1899 1143 eas,
1930 1094 2093 1153 quas
2122 1074 2524 1156 habetzintra
2549 1076 2887 1136 circuitum
2918 1077 3111 1135 castri
3139 1074 3220 1135 de
3250 1077 3575 1143 Mal-zoua.

1123 1173 1436 1233 concessit
1476 1171 1801 1232 licentiam
1840 1171 2015 1250 ipsas
2057 1172 2483 1251 permutandi.
2568 1173 2709 1233 Act.
2755 1172 2822 1232 in
2869 1176 3084 1234 castro
3138 1173 3218 1234 de
3270 1173 3583 1236 Maczolla

1122 1272 1188 1331 in
1241 1268 1463 1349 platea
1512 1268 1722 1328 castri.
1876 1268 2060 1329 Piero
2122 1268 2225 1347 qd.
2292 1269 2616 1330 Iohannis,
2683 1268 2867 1329 Nello
2930 1269 3034 1347 qd.
3102 1270 3347 1330 Iuncte.
3405 1269 3580 1330 Pisio

1124 1365 1337 1427 Guidi.
1383 1364 1553 1425 Dino
1594 1365 1822 1426 Iuncte
1863 1370 1941 1425 tt.
2027 1366 2328 1427 Albertus
2371 1366 2475 1444 qd.
2521 1366 2740 1428 Iacobi
2781 1367 2862 1427 de
2905 1367 3079 1426 Vult.
3120 1373 3251 1427 not.

1439 1461 1702 1522 Florenz
1746 1462 1899 1523 Ast.
1932 1461 2124 1539 (Vou.
2168 1484 2230 1522 n.
2266 1464 2450 1539 1032)
2480 1464 2649 1540 Oriq.

1119 1661 1259 1720 859.
2755 1658 3037 1727 Florenz,
3081 1658 3162 1718 19
3204 1658 3351 1719 Mai
3390 1658 3577 1720 1278.

1240 1755 1782 1828 MCOLXXVIII,
1841 1756 1968 1816 ind.
2028 1756 2139 1828 VI,
2186 1754 2455 1817 XVIIII
2500 1757 2643 1817 mai.
2746 1756 3158 1836 Congregatis
3215 1759 3280 1816 in
3328 1756 3581 1836 palatio

1123 1857 1413 1918 comunis
1454 1853 1617 1915 Flor
1661 1853 2143 1932 capitudinibus
2184 1854 2315 1915 VII
2357 1855 2674 1915 maiorum
2716 1856 2952 1914 artium
2997 1854 3076 1914 de
3121 1854 3427 1915 mandato
3456 1854 3577 1915 Io-

1118 1953 1413 2013 hannis
1454 1952 1547 2013 de
1590 1950 1938 2012 Braida’
1945 1956 1964 2027 )
2009 1953 2165 2030 regii
2206 1953 2425 2012 vicarii
2452 1953 2521 2012 in
2548 1953 2855 2031 regimine
2882 1951 3051 2012 Flor.
3082 1953 3416 2030 proposuit
3441 1952 3580 2012 An-

1120 2053 1335 2113 tonius
1374 2051 1455 2113 de
1484 2050 1690 2111 Pozzo
1718 2051 1911 2111 iudex
1939 2055 2006 2109 et
2037 2070 2312 2111 assessor
2338 2052 2577 2121 vicarii,
2611 2051 2767 2129 quid
2799 2050 3098 2111 videatur
3130 2051 3220 2110 eis
3249 2070 3439 2128 super
3465 2070 3576 2128 pe-

1118 2149 1348 2211 titione
1376 2148 1570 2210 Guidi
1597 2153 1664 2209 et
1693 2148 1908 2209 Betini
1935 2148 2016 2207 de
2045 2148 2542 2209 Cavalcantibus
2567 2149 2612 2225 ⁸)
2654 2150 3042 2221 continente,
3082 2149 3255 2225 quod
3301 2149 3578 2208 vicarius

1118 2250 1207 2310 eis
1248 2246 1622 2309 concederet
1663 2247 1912 2308 litteras
1951 2245 2285 2307 detinendi
2325 2248 2404 2307 de
2448 2247 2631 2308 bonis
2671 2247 3004 2308 hominum
3048 2246 3218 2307 Vult.
3264 2247 3329 2308 in
3372 2267 3575 2325 quan·

1122 2348 1316 2407 titate
1342 2345 1475 2406 MD
1501 2345 1607 2406 lib.
1694 2343 1882 2406 Oddo
1909 2342 2188 2405 Altoviti
2227 2345 2568 2419 consuluit,
2612 2344 2786 2425 quod
2829 2344 2986 2405 fides
3014 2344 3131 2404 fiat
3164 2343 3244 2404 de
3273 2344 3579 2423 dampnis

1124 2448 1191 2504 et
1231 2445 1533 2506 interesse
1575 2442 1767 2504 Guidi
1809 2449 1877 2505 et
1920 2442 2136 2503 Betini
2176 2447 2243 2502 et
2285 2448 2481 2503 testes
2523 2443 2934 2521 recipiantur;
2979 2441 3057 2501 dc
3100 2461 3196 2513 eo,
3227 2441 3401 2519 quod
3427 2460 3578 2520 pro-

1121 2542 1351 2603 batum
1391 2540 1603 2610 fuerit,
1646 2541 1902 2602 licentia
1945 2538 2282 2620 represalie
2322 2539 2527 2600 detur.
2612 2540 2864 2600 Placuit
2906 2540 3221 2600 omnibus.

1435 2638 1699 2700 Florem
1742 2639 1894 2700 Ast.
1943 2637 2136 2715 (Volt.
2180 2636 2344 2699 1278
2390 2638 2441 2698 V
2487 2637 2544 2711 9,
2590 2658 2650 2698 n.
2694 2638 2880 2714 1034)
2945 2636 3356 2715 qleiclizeitiqe
3412 2638 3571 2715 Gop.

1440 2740 1542 2815 (ex
1584 2739 1747 2797 actis
1787 2745 1854 2799 et
1894 2738 2374 2797 stantiamentis
2416 2738 2752 2814 comunis).

1117 2935 1257 3016 860.
2084 2985 2089 2992 .
2726 2930 2775 2990 V
2780 2931 3020 2999 olterra,
3064 2931 3141 2989 11
3183 2930 3351 2990 Jum'
3390 2930 3571 2991 1278.

1137 3021 1143 3032 ’
1238 3030 1445 3096 Diuus
1486 3030 1636 3091 olim
1680 3028 2012 3091 Rimbaldi
2052 3029 2519 3108 representavit
2561 3028 2922 3089 Ranerio
2962 3047 3058 3106 ep.
3104 3027 3278 3088 Vult.
3322 3027 3577 3088 litteras

1117 3129 1551 3210 inquisitionis
1590 3128 1881 3207 Alcampi
1924 3127 2231 3207 prepositi
2274 3125 2619 3198 Pratensis‚
2667 3125 3027 3200 (Ranuccii)
3074 3124 3328 3203 plebani
3363 3124 3575 3188 Casta-i

1115 3226 1492 3297 Florentini,
1535 3224 1846 3287 Panfollie
1887 3244 2025 3285 can.
2071 3224 2150 3284 de
2191 3222 2382 3295 Colle,
2430 3228 2504 3284 ut
2546 3222 2724 3302 apud
2764 3222 2912 3283 eccl.
2957 3242 3006 3281 s.
3051 3221 3365 3302 Stephani
3394 3224 3571 3285 Prati

1116 3343 1155 3383 a
1196 3322 1302 3385 die
1342 3321 1539 3383 XVII
1579 3341 1723 3402 aug.
1755 3321 1841 3383 ad
1868 3322 2041 3383 diem
2069 3319 2326 3383 sabbati
2351 3321 2719 3400 proximum
2742 3321 2790 3396 ⁴)
2821 3326 3193 3398 compareat
3217 3321 3573 3383 secundum

1114 3425 1406 3481 tenorem
1447 3418 1737 3480 mandati
1777 3417 1842 3478 N
1845 3418 2028 3481 icolai
2070 3437 2237 3498 pape
2260 3419 2324 3494 ⁶).

1433 3516 1572 3579 San
1626 3516 2012 3595 Gimiqnano
2053 3514 2287 3577 AGom.
2332 3513 2516 3575 Liber
2556 3514 2816 3576 blancus
2858 3514 2953 3575 75'
2982 3513 3133 3592 Gop.
3164 3534 3214 3576 s.
3258 3513 3446 3575 XIII
3476 3536 3571 3576 ex.

1435 3613 1580 3691 Req.
1627 3612 1989 3676 David-soka
2033 3613 2473 3690 For-schamen
2513 3612 2597 3672 II
2636 3611 2755 3674 211
2797 3632 2861 3674 n.
2907 3611 3087 3674 1560.

1113 3807 3139 3882 861.11'10ren2‚12
3178 3807 3348 3869 Jum'
3389 3807 3569 3869 1278

1235 3909 1647 3971 Iohannes
1687 3909 1782 3969 de
1824 3908 2198 3987 Brayda⁶
2205 3913 2224 3984 )
2269 3907 2498 3968 Karuli
2540 3906 2748 3968 Sicilie
2790 3906 2953 3986 regis
2993 3911 3062 3967 et
3102 3902 3424 3967 Florentie
3456 3926 3572 3986 po-

1113 4008 1374 4068 testatis
1415 4008 1690 4068 vicarius
1731 4007 1799 4068 in
1842 4005 2146 4085 regimine
2190 4005 2352 4067 Flor.
2397 4003 2710 4066 concessit
2752 4004 3031 4066 Guidoni
3071 4009 3139 4065 et
3168 4003 3432 4065 Bettino
3460 4004 3570 4083 qd.

1256 4254 1302 4321 ¹)
1339 4255 1612 4314 Imen’ert,
1651 4255 1784 4305 oben
1818 4270 1874 4303 n.
1916 4257 2035 4304 856.
2148 4254 2195 4320 ⁹)
2242 4243 2381 4305 Uber
2404 4253 2687 4305 Jolmmm
2725 4254 2788 4303 de
2828 4254 3069 4317 Bromia,
3107 4254 3291 4319 regius
3328 4255 3574 4307 vicarius

1113 4344 1466 4396 Florentinus
1505 4360 1621 4392 vom
1659 4346 1687 4393 1
1729 4344 1955 4394 Januar
1990 4345 2074 4393 bis
2110 4345 2179 4394 30
2215 4343 2363 4394 Jum·
2438 4344 2594 4402 1278,
2636 4342 2925 4407 verqlciche
2962 4342 3103 4393 auch
3141 4343 3389 4407 Hartwiq
3416 4345 3573 4405 Quol-

1110 4433 1197 4482 len
1231 4433 1346 4482 und
1383 4432 1769 4496 Forschunqen
1803 4448 1901 4482 zur
1937 4432 2140 4481 dlteren
2177 4432 2478 4482 Geschichte
2516 4447 2619 4480 von
2657 4432 2881 4482 Florenz
2918 4432 2991 4480 II
3017 4433 3120 4481 208
3152 4431 3319 4495 (siche
3344 4432 3433 4483 die
3456 4435 3573 4483 An-

1112 4521 1369 4583 merkunq
1406 4536 1474 4569 zu
1509 4536 1563 4572 n.
1605 4523 1732 4587 842)
1771 4522 1891 4573 und
1928 4522 2248 4572 Davidcolm
2283 4521 2666 4585 For-schamen
2702 4521 2810 4571 III
2847 4522 2917 4571 30
2952 4536 3007 4571 n.
3050 4522 3168 4572 104.
3341 4521 3383 4584 ³)
3430 4511 3574 4572 Uber

1111 4609 1254 4659 dices
1289 4608 1704 4672 Anyeleqenheit
1740 4610 1888 4660 siche
1925 4609 2059 4660 oben
2093 4625 2148 4661 n.
2189 4612 2291 4662 842
2328 4610 2442 4660 und
2480 4611 2604 4661 844.
2754 4608 2800 4674 ⁴)
2839 4609 3059 4673 Auqust
3096 4611 3179 4660 20.
3327 4606 3373 4675 ⁸)
3411 4609 3572 4661 Sidae

1110 4698 1243 4748 oben
1275 4713 1328 4748 n.
1371 4700 1471 4748 854
1511 4700 1624 4749 und
1660 4700 1801 4748 datu
1838 4701 1957 4750 857.
2106 4699 2153 4766 ⁶)
2192 4699 2348 4751 Siohe
2385 4699 2517 4750 oben
2552 4715 2607 4752 n.
2649 4701 2767 4750 859.
