4000 5700
1096 462 1202 515 186
1735 462 2179 517 REGESTUM
2224 461 2906 518 VOLATERRANUM

1091 659 1230 720 534.
2645 660 2969 731 Montien’,
3011 661 3093 722 13
3137 659 3328 738 Apn‘l
3367 661 3542 723 1236.

1210 758 1576 820 Alexander
1613 778 1782 839 pape
1809 758 2223 839 cappellanus
2251 758 2584 819 universis.
2668 756 2830 819 Cum
2857 758 2939 820 de
2967 758 3280 821 mandato
3307 760 3545 822 domini

1088 857 1290 917 nostri
1332 875 1613 918 essemus
1656 858 1721 917 in
1762 856 2058 937 partibus
2098 855 2346 928 Tuscie,
2376 855 2512 916 eius
2541 853 2791 917 litteras
2820 857 3160 936 recipimus
3187 858 3489 919 insertas'
3500 860 3541 934 ).

1087 951 1372 1014 Comune
1413 953 1591 1014 Vult.
1636 954 2021 1027 monuimus,
2051 957 2128 1013 ut
2155 951 2601 1014 satisfacerent
2627 958 2695 1014 et
2721 973 2762 1013 a
2786 952 3103 1015 similibus
3128 953 3542 1016 abstinerent.

1087 1049 1216 1123 Qui
1254 1068 1403 1113 cum
1447 1051 1768 1113 noluerint
1809 1049 2069 1112 obedire
2107 1056 2176 1111 et
2215 1051 2511 1130 graviora
2555 1051 2842 1130 dampna
2885 1051 3032 1127 (Pa
3046 1056 3292 1132 gano)
3336 1071 3436 1133 ep.
3476 1058 3544 1114 et

1085 1146 1237 1209 eccl.
1281 1149 1459 1211 Vult.
1488 1150 1831 1231 irrogarint
1857 1147 2293 1210 comburendo
2320 1149 2552 1210 domus
2580 1153 2959 1221 castrorum,
2992 1150 3196 1223 villas,
3227 1150 3539 1226 ecclesias,

1088 1247 1484 1326 captivando
1525 1248 1839 1325 quosdam
1881 1245 1963 1307 de
2007 1245 2274 1308 vassalis
2315 1247 2617 1326 episcopi,
2647 1247 2860 1325 ipsum
2893 1246 3266 1320 obsidendo,
3294 1266 3542 1309 excom·

1086 1344 1491 1407 municamus
1530 1364 1658 1406 ecs.
1742 1344 1910 1405 Lata
1964 1343 2141 1423 apud
2195 1349 2481 1406 castrum
2536 1344 2838 1406 Monterii
2891 1346 2961 1406 in
3013 1344 3164 1406 eccl.
3208 1365 3258 1405 s.
3303 1345 3540 1406 Iacobi.

1087 1442 1574 1513 MOGXXXVI,
1608 1448 1805 1522 temp.
1836 1442 2124 1521 Gregorii
2152 1441 2374 1513 VIIII,
2403 1449 2585 1521 pont.
2615 1443 2752 1504 eius
2782 1442 2867 1513 X,
2901 1443 3076 1504 XIII
3106 1463 3242 1522 apr.
3331 1445 3543 1505 Priore

1084 1560 1137 1602 s.
1181 1540 1471 1619 Galgani.
1518 1540 1734 1601 Presb.
1771 1541 2203 1620 Bonansegna
2255 1539 2531 1620 plebano
2586 1562 2636 1601 s
2688 1539 2894 1601 Pauli.
2957 1540 3256 1621 Philippo
3308 1561 3449 1603 can.
3490 1561 3541 1603 s.

1089 1638 1293 1703 Pauli.
1330 1638 1544 1700 Presb.
1569 1638 1696 1718 Spe
1718 1644 1965 1700 rectore
1990 1638 2143 1699 eccl.
2174 1657 2224 1699 s.
2256 1636 2497 1699 Iacobi.
2528 1637 2878 1717 Ceampulo
2908 1638 3202 1716 Hugonis
3231 1638 3538 1719 Rog(erii)

1086 1742 1413 1817 potestate
1455 1737 1668 1798 castri.
1715 1736 2110 1815 Bonagratia
2151 1737 2233 1797 (16
2276 1738 2442 1800 Sena
2485 1741 2564 1796 tt.
2650 1735 2983 1798 Odorisius
3025 1735 3106 1797 de
3148 1737 3470 1817 Paganica
3493 1742 3537 1816 ²)

1090 1834 1279 1895 Rom.
1326 1834 1496 1895 Eccl.
1541 1834 1927 1895 scriniarius

1405 1932 1665 1993 Florcnz
1708 1931 1860 1993 Ast.
1908 1929 2097 2007 (Volt.
2142 1932 2304 1993 1236
2360 1932 2460 1995 IV
2516 1932 2615 2002 10,
2675 1952 2735 1992 η.
2780 1932 2925 2010 396)
2983 1932 3157 2009 Oriq.
3217 1933 3357 2010 (aul
3406 1933 3542 1993 dem

1405 2028 1679 2107 qleichen
1725 2030 2095 2106 Per-qumans
2137 2030 2252 2093 wie
2291 2049 2354 2090 π.
2399 2029 2565 2106 536).

1087 2228 1224 2288 535.
2715 2225 3005 2297 Volterra,
3049 2226 3132 2288 19
3171 2226 3320 2287 Mas·
3360 2226 3539 2288 1236.

1207 2323 1694 2397 MOGXXXVI,
1724 2324 1857 2386 ind.
1887 2323 2115 2399 VIIII,
2147 2323 2307 2391 XIV
2329 2324 2456 2384 kal.
2486 2323 2619 2385 iun.
2703 2323 3086 2387 coadunato
3114 2323 3379 2385 consilio
3405 2344 3539 2404 spe·

1089 2422 1231 2484 ciali
1275 2422 1658 2484 Donatus
1699 2420 1999 2484 Ubertini
2041 2421 2272 2485 Vult
2324 2426 2709 2501 potestas
2760 2422 2978 2483 volens
3020 2421 3411 2483 Florentiam
3454 2422 3543 2482 ire

1088 2521 1341 2602 reliquit
1389 2522 1657 2582 vicarios
1698 2521 2065 2600 Alagerium
2125 2522 2387 2601 Bargesi
2443 2525 2507 2580 et
2566 2519 3016 2600 Bonagnidam
3073 2519 3304 2601 Parigi.
3395 2518 3538 2581 Act.

1086 2620 1263 2683 Vult.
1309 2619 1376 2682 in
1417 2620 1565 2680 eccl.
1612 2620 1854 2680 maiori.
1942 2617 2219 2691 Tedicio,
2251 2618 2542 2680 Casolese
2575 2623 2643 2679 et
2673 2618 2951 2679 Aczeino
2979 2618 3228 2680 nunciis
3254 2619 3542 2680 comunis

1088 2723 1166 2779 tt.
1256 2718 1672 2778 Benvenutus
1714 2717 1868 2797 imp.
1915 2716 2099 2776 Fred.
2145 2724 2281 2778 not.

1411 2814 1569 2878 Volt.
1616 2813 1855 2877 AVesc.
1901 2834 1952 2876 s.
1998 2812 2189 2876 XIII
2228 2814 2352 2876 dec.
2398 2814 2437 2876 4
2478 2834 2542 2876 n.
2587 2814 2668 2876 26
2710 2814 2884 2892 Θήρ.

1084 3069 1222 3129 536.
2727 3063 3049 3142 (Velio-ra,
3095 3062 3283 3142 April
3325 3062 3536 3141 1236).

1205 3164 1532 3244 G(regorio
1573 3161 1699 3240 IX)
1743 3181 1995 3224 summo
2041 3162 2325 3242 pontifici
2367 3161 2726 3239 capitulum
2755 3159 2931 3221 Vult.
3015 3161 3175 3224 Cum
3224 3159 3541 3221 discordia

1084 3265 1169 3324 sit
1213 3264 1379 3325 inter
1423 3262 1499 3337 (P
1517 3281 1609 3341 ag
1625 3265 1883 3338 anum)
1927 3281 2028 3341 ep.
2057 3269 2125 3322 et
2152 3279 2423 3322 comune
2451 3259 2652 3330 Vult„
2687 3257 3099 3336 A(lexander)
3128 3257 3540 3337 cappellanus

1087 3366 1297 3422 vester
1338 3359 1684 3422 inducebat
1726 3378 2017 3432 comune,
2061 3365 2135 3419 ut
2162 3357 2607 3420 satisfacerent
2635 3359 2932 3436 episcopo
2960 3356 3040 3417 de
3067 3355 3386 3437 dampnis,
3415 3374 3541 3435 que

1083 3480 1185 3539 cp.
1230 3458 1488 3521 dicebat
1528 3477 1595 3519 se
1635 3457 1970 3531 habuisse;
2015 3476 2285 3518 comune
2328 3455 2757 3536 respondebat
2812 3475 2881 3516 se
2935 3461 3239 3535 paratum
3293 3454 3429 3515 fore
3482 3455 3541 3514 ei

1083 3556 1450 3618 satisfacere
1490 3556 1572 3618 de
1613 3555 1932 3636 dampnis,
1975 3557 2030 3616 si
2071 3574 2204 3634 qua
2243 3553 2573 3624 intulerat,
2616 3559 2682 3613 et
2737 3552 2819 3613 (16
2858 3550 3177 3614 discordia
3231 3559 3403 3614 stare
3456 3551 3542 3612 ad

1081 3674 1181 3733 ep.
1226 3652 1644 3726 mandatum;
1688 3671 1877 3732 super
1918 3650 2156 3731 quibus
2195 3649 2358 3711 ferre
2398 3669 2738 3728 possumus
2779 3668 2994 3710 coram
3039 3648 3225 3711 vobis
3252 3648 3539 3709 testimo·

1083 3752 1261 3814 nium
1309 3752 1621 3813 veritatis.

1412 3847 1545 3911 Wie
1584 3868 1648 3909 n.
1692 3847 1813 3909 534
1853 3846 2009 3925 Cop.
2058 3847 2154 3922 (in
2195 3844 2610 3924 umqekebrter
2651 3843 2965 3923 Richtunq
3010 3841 3437 3922 qaechrieben).

1085 4091 1221 4154 537.
2722 4084 3001 4155 Florem,
3045 4083 3127 4145 26
3169 4083 3319 4144 Mai
3357 4082 3537 4145 1236.

1207 4188 1501 4248 Potestas
1545 4186 1712 4246 Flor.
1756 4186 2028 4265 precipit
2070 4184 2349 4264 quedam
2390 4184 2472 4244 de
2513 4183 2628 4244 lite
2673 4202 2819 4243 cum
2862 4182 3125 4243 comuni
3153 4180 3354 4243 Vult
3403 4198 3539 4241 am·

1086 4286 1382 4348 baxatori
1424 4284 1714 4344 comunis
1755 4283 2043 4345 Sancti
2087 4281 2556 4342 Geminiani
2599 4287 2667 4342 et
2698 4278 3228 4341 ambaxatoribns
3255 4277 3538 4340 Collis.

1402 4380 1662 4442 Florem
1706 4379 1858 4442 Ast.
1906 4380 2097 4458 (νοιι.
2143 4399 2206 4439 n.
2250 4378 2396 4457 389)
2439 4378 2612 4455 Θήρ.
2698 4377 2815 4439 Ed.
2861 4377 3122 4438 Samma·
3160 4376 3312 4437 Doc.
3357 4374 3496 4436 420.

1227 4596 1270 4659 ¹)
1304 4597 1464 4650 Sidus
1498 4612 1551 4648 n.
1593 4599 1714 4649 526.
1903 4597 1942 4655 ι’)
1982 4594 2059 4645 In
2106 4595 2210 4644 den
2243 4595 2543 4651 Abu-men:
2581 4610 2636 4644 cs
2673 4594 2810 4658 oieb!
2844 4594 2960 4644 dni
2995 4593 3115 4645 om
3164 4592 3255 4642 du
3291 4591 3534 4642 Nonum

1082 4687 1321 4740 donabat.
