4000 5700
1195 467 1296 518 198
1838 469 1999 522 REG
2011 469 2281 522 ESTUM
2321 471 3002 524 VOLATERRANUM

1190 662 1328 724 587.
2348 666 2484 728 San
2526 666 2922 744 Gimiqnano,
2966 667 3046 728 27
3087 667 3423 729 November
3462 670 3642 730 1241.

1252 770 1257 775 “
1308 761 1723 841 Privilegium
1787 763 2186 825 Pandulfi
2240 764 2332 825 de
2395 764 2871 837 Faeanella,
2915 766 3259 844 imperialis
3306 768 3372 828 in
3415 767 3647 828 Tuscia

1188 859 1406 920 vicarii
1449 860 1781 940 generalis,
1825 881 1942 941 pro
1984 856 2243 923 comuni
2285 860 2508 923 Sancti
2548 862 2928 925 Geminiani.

1504 957 1764 1019 Florem
1797 959 1949 1020 Ast.
1997 959 2158 1037 (San
2186 960 2593 1038 Gimiynano)
2638 959 2809 1038 Oriq.
2858 961 3086 1038 (Sieyel
3113 962 3426 1036 verlorm).
3509 963 3644 1022 San

1509 1056 1889 1134 Gimiqnano
1946 1058 2180 1119 AGom.
2239 1058 2419 1120 Liber
2470 1060 2726 1121 blancus
2770 1059 2847 1120 79
2886 1058 3041 1136 Cep.
3083 1079 3134 1119 ε.
3179 1059 3385 1120 XIII.
3482 1060 3643 1121 Edd.

1507 1154 1716 1232 Ooppi
1754 1154 1896 1217 104.
1935 1155 2122 1216 Lami
2150 1155 2562 1217 Monumenta
2590 1157 2725 1217 eccl.
2754 1156 2930 1218 Flor.
2960 1156 3000 1216 Ι
3028 1156 3165 1217 488.
3197 1156 3648 1217 Rem-Comici

1516 1251 1614 1313 VI
1639 1271 1672 1312 c
1719 1252 1818 1313 56.
1863 1253 2081 1314 Pecori
2122 1253 2261 1314 597.
2304 1253 2528 1316 Ficker
2560 1253 2660 1314 IV
2691 1253 2813 1315 393
2837 1274 2902 1314 n.
2932 1254 3072 1315 372.
3102 1254 3293 1331 Reqy.
3324 1254 3645 1317 B.-F.-W.

1510 1349 1728 1410 13390.
1771 1350 2133 1411 David-sohte
2177 1350 2616 1427 h'orschunyen
2657 1351 2737 1410 II
2778 1351 2858 1411 56
2897 1372 2962 1410 π.
3004 1352 3145 1412 381.

1189 1548 1327 1606 588.
2863 1548 3124 1625 Γορρία,
3167 1549 3423 1608 Januar
3463 1549 3644 1609 1242.

1307 1642 1719 1724 Privilegium
1784 1643 2190 1705 Friderici
2248 1646 2345 1706 11·
2388 1646 2539 1722 imp.
2585 1664 2702 1723 pro
2745 1651 2956 1705 castro
2996 1643 3217 1706 Sancti
3261 1644 3644 1706 Geminiani.

1501 1740 1637 1802 San
1666 1741 2049 1818 Gimiqnano
2078 1743 2313 1804 AOom.
2339 1742 2519 1801 Liber
2546 1742 2799 1802 blancus
2831 1741 2909 1803 79
2935 1741 3089 1820 Gop.
3119 1762 3171 1802 3.
3195 1740 3403 1802 XIII.
3476 1741 3642 1802 Edd.

1506 1838 1715 1916 Ooppi
1756 1838 1834 1898 II
1876 1839 2017 1899 104.
2061 1839 2371 1899 Ηιιίίῑανά
2405 1838 2502 1900 VI
2527 1839 2626 1899 21.
2655 1838 2872 1898 Pacori
2900 1838 3038 1899 597.
3083 1837 3275 1915 Reyq.
3319 1837 3642 1898 B.·F'.-W.

1503 1936 1683 1996 3262.
1728 1936 2091 1997 Davidsohn
2133 1935 2574 2013 Forechunqen
2615 1935 2695 1995 II
2737 1934 2818 1996 58
2856 1956 2919 1996 n.
2964 1936 3103 1996 401.

1186 2150 1323 2211 589.
2712 2150 3001 2224 Volterra,
3047 2151 3126 2212 16
3167 2151 3416 2228 Auqaeoet
3457 2151 3644 2212 1242.

1303 2246 1588 2310 Comune
1632 2247 1847 2308 Vult.
1891 2250 2232 2312 constituit
2270 2250 2588 2310 sindicum
2632 2249 2716 2309 ad
2758 2248 3214 2328 appellandum
3245 2249 3324 2309 ad
3370 2250 3640 2326 impera-

1185 2352 1393 2406 torem
1435 2351 1662 2407 contra
1706 2346 2088 2407 mandatum
2133 2345 2510 2408 Pandulfi
2559 2346 2653 2407 de
2699 2343 3171 2416 Faeanella,
3203 2346 3545 2424 imperialis
3580 2348 3647 2406 in

1184 2444 1417 2504 Tuscia
1459 2443 1677 2505 vicarii
1717 2444 2047 2522 generalis,
2090 2464 2282 2522 super
2322 2443 2733 2505 restituendis
2776 2463 3022 2504 camere
3066 2444 3216 2522 imp.
3262 2444 3492 2504 ezilinia.

1505 2540 1763 2603 Florem
1810 2542 1960 2603 Ast.
2010 2541 2199 2617 (Volt.
2241 2561 2307 2601 n.
2352 2540 2495 2617 482)
2540 2541 2712 2617 Oriy.
2831 2540 2950 2601 Ed.
2997 2541 3443 2602 Reno-Comici
3492 2542 3587 2602 V!
3613 2561 3646 2602 c

1502 2638 1601 2699 61.
1646 2638 1796 2715 Req.
1841 2637 2157 2699 B.-F.-W.
2202 2638 2422 2698 13425.

1185 2863 1324 2924 590.
2660 2860 2955 2928 Groaseto,
2998 2859 3038 2919 3
3077 2859 3414 2920 November
3453 2860 3639 2921 1242.

1300 2957 1764 3020 Pandulfus
1816 2957 1899 3018 de
1953 2956 2430 3030 Fasanella‚
2479 2957 2824 3035 imperialis
2879 2958 2945 3016 in
2988 2957 3220 3017 Tuscia
3260 2958 3642 3035 capitaneus

1181 3054 1512 3135 generalia,
1555 3055 1873 3132 quosdam
1914 3052 2340 3129 Florentium,
2384 3055 2497 3132 qui
2537 3072 2669 3114 non
2710 3059 3213 3131 comparuerunt
3254 3054 3320 3113 in
3361 3054 3643 3115 termino

1181 3172 1300 3232 pro
1339 3170 1552 3223 causa,
1597 3171 1792 3230 quam
1836 3156 2178 3212 moverant
2221 3152 2476 3212 comuni
2518 3150 2741 3213 Sancti
2770 3151 3153 3222 Geminiani,
3181 3137 3637 3230 condem'pnat.

1500 3249 1764 3310 Florenz
1802 3248 1956 3310 Ast.
2006 3248 2164 3326 (San
2207 3237 2622 3325 Gimiqnano5
2660 3247 2829 3324 Θήρ.
2931 3248 3051 3307 Ed.
3109 3247 3332 3309 Ficker
3375 3247 3470 3308 IV
3515 3249 3642 3310 399

1500 3368 1564 3408 n.
1606 3347 1750 3409 381.
1794 3347 1942 3424 περ.
1986 3346 2303 3407 B.-F.-W.
2350 3346 2568 3407 13431.

1183 3571 1321 3631 591.
2346 3568 2517 3629 Colle
2572 3569 2690 3630 Val
2729 3568 2967 3642 εἶ’,ΕΙεα
3010 3568 3051 3629 3
3089 3569 3413 3630 Daeenzber
3451 3568 3635 3630 1242.

1302 3666 1473 3746 Ugo
1513 3665 1984 3747 Alpisionis
2027 3667 2109 3728 de
2152 3667 2369 3736 Prote,
2407 3667 2476 3727 in
2518 3664 2688 3726 Colle
2731 3667 3009 3726 vicarius
3048 3685 3164 3743 pro
3195 3665 3513 3727 Pandulfo
3556 3666 3636 3728 de

1184 3765 1558 3837 Fasianena,
1601 3764 1965 3843 imperiali
1948 3786 2018 3826 m
2043 3765 2274 3825 Tuscia
2317 3766 2654 3842 capitaneo
2697 3765 2994 3841 generali,
3038 3765 3393 3843 interrogat
3431 3764 3633 3825 consi·

1179 3863 1339 3925 lium
1381 3862 1461 3923 de
1503 3861 1915 3941 inquisitione
1956 3863 2253 3923 facienda
2297 3862 2376 3921 de
2420 3862 2773 3922 redditibus
2817 3861 3040 3939 prioris
3083 3862 3163 3922 de
3209 3863 3524 3925 Pam-ane.

1512 3960 1665 4021 Volt.
1711 3959 1951 4021 AVesc.
1996 3980 2048 4021 3.
2093 3959 2282 4021 XIII
2323 3961 2447 4020 dec.
2495 3960 2533 4019 5
2575 3980 2637 4018 π.
2683 3960 2723 4020 3
2764 3958 2936 4036 Oriq.

1180 4182 1318 4245 592.
2544 4182 2823 4258 Anaqm‘,
2868 4181 2950 4243 18
2988 4180 3338 4259 September
3376 4181 3537 4243 1243
3564 4183 3631 4259 ι).

1297 4278 1843 4341 Innocentius
1901 4279 2007 4340 IV
2070 4279 2600 4357 archipresbitero
2658 4287 2718 4339 et
2779 4278 3064 4356 capitulo
3125 4277 3272 4338 eccl.
3329 4278 3409 4338 de
3463 4278 3632 4340 Colle

1180 4378 1266 4441 ad
1306 4377 1669 4439 Romanam
1712 4376 1883 4438 Ecol.
1930 4377 2104 4438 nullo
2149 4377 2375 4448 medio,
2423 4384 2496 4438 ut
2539 4377 2794 4450 dicitur,
2837 4376 3219 4457 pertinentis
3260 4373 3437 4438 Vult.
3467 4376 3630 4438 dioc.

1324 4591 1368 4661 ¹)
1406 4595 1483 4645 In
1516 4595 1661 4644 dicae
1696 4595 1817 4644 Zeit
1854 4594 1989 4644 wird
2026 4594 2166 4643 auch
2203 4594 2291 4643 die
2331 4594 2492 4643 Liber
2529 4595 2737 4644 iurium
2777 4596 2823 4645 1‘
2860 4596 3130 4644 Innoccnz
3171 4593 3280 4643 III
3327 4594 3443 4643 und
3495 4594 3630 4644 1198

1175 4682 1445 4746 zuqeteilte
1484 4683 1837 4745 Beemtiqunq
1876 4682 1973 4742 fiir
2010 4682 2112 4730 das
2151 4681 2366 4731 Binum
2414 4681 2546 4731 Volt.
2586 4682 2646 4731 in
2683 4681 2865 4732 forma
2903 4682 3063 4732 brevi
3102 4680 3345 4746 qehdrcn.
