4000 5700
1109 545 1181 596 ss
1756 507 2204 602 REGEsTUM
2242 500 2928 604 νοιΑΤΕΙέΒΑΝσΜ

1108 760 1289 802 cesco
1344 742 1423 803 de
1479 742 1700 804 Monte
1754 741 2099 805 Vultrario.
2158 744 2556 806 Bernardino
2609 744 3033 824 Uguiccionis.
3132 746 3420 808 Andreas
3485 748 3566 809 de

1109 839 1168 901 S.
1219 838 1595 900 Geminiano
1639 840 1912 920 Henrigi
1954 842 2104 920 imp.
2151 849 2282 901 not.

1439 955 1690 1015 Florem
1747 955 1896 1016 Ast.
1946 956 2131 1030 (Volt.
2178 956 2340 1016 1199
2378 956 2418 1016 I
2460 954 2559 1028 22,
2615 977 2671 1016 n..
2719 956 2813 1017 52.
2860 958 2925 1018 S.
2973 957 3129 1019 Gim.
3175 959 3337 1019 1199
3382 959 3422 1019 I
3463 957 3562 1032 22,

1424 1072 1485 1111 n.
1531 1052 1595 1128 3)
1641 1054 1787 1113 zwei
1829 1052 2039 1131 Oriqq.
2126 1051 2243 1114 Cil.
2289 1054 2651 1114 Davidsohn
2697 1054 3135 1132 Forschunq'en
3174 1056 3213 1116 I
3255 1057 3390 1118 132.

1110 1268 1247 1329 253.
2988 1270 3025 1330 1
3071 1253 3345 1330 februar
3385 1271 3560 1332 1200.

1228 1364 1539 1445 Homines
1581 1366 1661 1426 de
1704 1364 1926 1428 Colle
1967 1367 2255 1427 iuramus
2298 1365 2546 1429 salvare
2591 1368 2878 1430 homines
2907 1369 3195 1429 civitatis
3221 1367 3449 1430 Vult.
3493 1370 3562 1430 II

1105 1462 1382 1523 arbitros
1424 1461 1827 1536 habebimus,
1870 1465 1981 1542 qui
2012 1462 2444 1543 querimonias
2472 1467 2640 1526 inter
2665 1465 2957 1527 homines
2985 1464 3160 1526 Vult.
3190 1473 3259 1528 et
3285 1466 3366 1526 de
3396 1465 3563 1527 Colle

1109 1559 1192 1621 ad
1236 1560 1434 1621 XXX
1478 1560 1612 1622 dies
1654 1559 1995 1632 diffiniant,
2041 1581 2314 1639 quorum
2358 1563 2745 1624 sententiam
2788 1562 3079 1624 consules
3122 1562 3222 1623 vel
3265 1563 3563 1624 dominus

1103 1658 1241 1718 sive
1269 1665 1478 1719 rector
1505 1658 1729 1738 oppidi
1748 1666 2108 1737 exequatur-
2133 1666 2200 1720 et
2231 1662 2349 1721 hoc
2378 1660 2734 1739 capitulum
2765 1661 2832 1720 in
2853 1660 3317 1721 constitutione
3339 1670 3560 1738 ponat.

1107 1754 1785 1834 Nullamsocietatem
1826 1755 2138 1817 faciemus
2180 1764 2408 1818 contra
2447 1757 2742 1818 homines
2783 1756 2983 1829 Vult„
3015 1777 3145 1819 non
3188 1758 3562 1836 recipiemus

1104 1852 1413 1913 villanum
1458 1853 1558 1913 vel
1601 1854 1898 1915 colonum
1956 1854 2154 1927 Vult„
2197 1854 2489 1916 homines
2531 1854 2704 1916 Vult.
2751 1856 2817 1915 in
2873 1864 3165 1917 nostrum
3227 1857 3556 1917 servitium

1104 1948 1453 2029 venientes,
1498 1950 1551 2009 si
1592 1958 1994 2029 caperentur,
2039 1951 2494 2031 recolligemus,
2528 1971 2708 2012 arma
2734 1960 2802 2013 et
2830 1971 3029 2031 equos
3056 1950 3556 2014 emendabimus,

1106 2046 1298 2108 Omni
1338 2048 1645 2109 decennio
1674 2047 1965 2109 consules
1993 2050 2130 2109 sive
2159 2050 2459 2111 dominus
2490 2051 2826 2128 utriusque
2870 2051 2954 2112 ad
2997 2050 3264 2112 alteram
3297 2051 3556 2112 veniant

1101 2155 1169 2206 et
1211 2146 1543 2224 inquirant
1584 2147 1749 2208 hanc
1790 2146 2197 2208 concordiam
2244 2147 2471 2208 iurare.
2559 2146 2694 2208 Hec
2738 2147 3223 2209 observabimus
3255 2148 3338 2209 ad
3368 2148 3558 2209 XXV

1104 2263 1320 2305 annos.
1406 2244 2075 2318 MCLXXXXVIIII,
2098 2244 2220 2306 kal.
2252 2244 2431 2318 febr„
2457 2244 2588 2306 ind.
2617 2245 2741 2307 III.
2829 2245 3203 2324 Excipimus
3231 2245 3556 2307 Ildebran-

1100 2341 1325 2402 dinum
1355 2342 1713 2421 palatinum
1737 2343 2059 2414 comitem,
2084 2343 2384 2402 comitem
2408 2340 2765 2415 Albertum‚
2792 2362 3040 2415 uxoreS,
3064 2343 3245 2417 filios,
3270 2342 3558 2403 homines

1102 2439 1184 2499 de
1225 2438 1419 2501 Senis.
1504 2440 1793 2501 Andreas
1837 2439 2102 2518 Henrigi
2145 2440 2295 2522 imp.
2340 2447 2475 2500 not.

1420 2552 1589 2616 Colle
1630 2553 1860 2613 ACom.
1906 2554 2424 2613 Instrumenlario
2459 2553 2498 2612 I
2525 2553 2568 2629 j.
2601 2553 2639 2612 1
2680 2552 2831 2631 Cop.
2862 2573 2910 2614 8.
2941 2554 3129 2615 XIII
3170 2556 3322 2615 med.
3415 2554 3552 2627 Περ.

1422 2651 1787 2713 Davidsolm
1830 2649 2269 2730 Forschunqe‘n
2317 2650 2352 2709 l
2395 2651 2530 2712 133.

1100 2847 1257 2913 254..
2302 2847 2311 2855 '
2804 2839 2808 2843 ’
2979 2847 3016 2908 1
3060 2846 3336 2908 Februar
3376 2847 3552 2908 1200.

1218 2944 1529 3006 Homines
1569 2946 1854 3007 civitatis
1896 2944 2109 3007 Vult.
2156 2942 2442 3007 iuramus
2485 2944 2733 3007 salvare
2776 2945 3065 3008 homines
3106 2946 3186 3006 de
3233 2944 3459 3007 Colle
3486 2949 3550 3020 ¹).

1098 3043 1764 3117 MCLXXXXVIIII,
1801 3043 1923 3104 kal.
1963 3043 2120 3105 febr.
2196 3043 2634 3123 Exceptamus
2667 3043 3197 3106 Ildebrandinum
3234 3044 3411 3106 Vult.
3456 3064 3550 3123 ep.

1097 3147 1165 3201 et
1204 3159 1594 3202 successores
1655 3149 1721 3201 et
1784 3140 2072 3202 homines
2135 3141 2216 3202 de
2277 3140 2544 3201 civitate
2601 3142 2850 3201 Pisana.
2935 3139 3224 3202 Andreas
3288 3138 3554 3220 Hem-igi

1098 3239 1250 3318 imp.
1294 3244 1426 3301 not.
2188 3250 2195 3259 ·

1418 3336 1586 3397 Colle
1628 3336 1859 3398 ACom.
1905 3337 2425 3397 Instrumentario
2466 3337 2504 3395 Ι
2544 3336 2588 3412 s.
2619 3336 2659 3396 3
2686 3336 2837 3414 Cop.
2868 3356 2914 3397 8.
2948 3335 3136 3396 XIII
3166 3336 3317 3397 med.
3402 3335 3549 3412 Rey.

1418 3420 1782 3495 Davideolml
1823 3433 2264 3511 Eorsclzunqen
2307 3435 2346 3493 I
2388 3434 2523 3496 133.

1100 3633 1236 3691 255.
2976 3629 3014 3688 1
3058 3629 3332 3690 Februar
3372 3628 3549 3690 1200.

1219 3726 1636 3788 Habitatores
1679 3728 1837 3789 arcis
1881 3726 2182 3788 Montis
2238 3726 2568 3790 Vultrai
2635 3728 2918 3788 iuramus
2960 3726 3208 3788 salvare
3261 3727 3551 3788 homines

1094 3826 1319 3905 oppidi
1357 3827 1437 3887 de
1476 3824 1734 3898 Colle3
1780 3824 2161 3887 habebimus
2203 3824 2520 3886 arbitrum
2563 3823 2644 3887 de
2675 3825 2894 3886 Monte
2926 3824 3236 3897 VultraiO,
3269 3826 3384 3903 qui
3410 3844 3550 3885 sen-

1095 3923 1404 3986 tentiabit
1447 3923 1530 3984 ad
1570 3923 1690 3984 LX
1732 3923 1883 3983 dies.
1920 3921 2422 3984 observabimus
2451 3922 2671 3983 omnia
2697 3923 2782 3983 ad
2813 3924 2876 3982 X
2907 3941 3110 3984 annos
3133 3925 3197 3999 ⁸).
3231 3922 3549 4002 Excepta-

1093 4043 1238 4083 mus
1278 4019 1807 4082 Ildebrandinum
1863 4019 2038 4080 Vult.
2084 4038 2206 4097 ep„
2250 4019 2584 4079 civitatem
2628 4018 2828 4090 Vult„
2874 4036 3097 4079 omnes
3138 4018 3427 4080 homines
3468 4019 3549 4080 de

1091 4120 1291 4182 Senis.
1349 4117 1583 4181 Omnia
1612 4117 2051 4198 intelligantur
2070 4117 2150 4177 de
2173 4115 2493 4177 continuis
2516 4114 2993 4178 habitatoribus
3016 4115 3235 4194 oppidi
3257 4115 3337 4176 de
3360 4114 3544 4178 Colle.

1094 4219 1385 4278 Andreas
1429 4215 1696 4295 Henrigi
1737 4215 1887 4293 imp.
1934 4223 2071 4275 not.

1412 4330 1580 4390 Colle
1622 4328 1852 4390 ACom.
1900 4294 2416 4390 In-strumentario
2459 4328 2489 4387 J
2523 4329 2566 4406 s.
2597 4330 2653 4390 2’
2696 4327 2846 4405 Cop.
2878 4348 2923 4389 8.
2958 4328 3143 4388 XIII
3187 4328 3338 4389 med.
3423 4327 3544 4388 Cit.
3633 4288 3641 4296 -

1410 4427 1773 4488 Davidsohn
1816 4427 2255 4503 Forsclcunqen
2303 4427 2337 4485 Ι
2378 4426 2514 4487 133.

1237 4679 1278 4741 ¹)
1316 4677 1479 4728 Sonat
1512 4677 1795 4727 inhaltlich
1831 4677 1921 4726 der
1970 4677 2184 4738 voriqcn
2220 4676 2484 4725 Nummer
2533 4674 2719 4737 yleich.
2928 4678 2968 4739 ⁹)
3009 4676 3169 4727 Sonet
3217 4676 3321 4727 den
3371 4675 3547 4727 miden

1091 4767 1347 4818 zwiochen
1384 4766 1527 4815 Colle
1564 4767 1679 4816 und
1723 4767 1978 4825 Volterra,
2017 4781 2069 4814 π.
2111 4767 2214 4817 253
2250 4767 2308 4826 j„
2346 4764 2526 4827 9'eich.
