4000 5700
1032 514 1474 571 REGESTUM
1513 514 2195 569 VOLATERRANUM
2736 515 2845 568 269

390 720 616 776 contra
655 732 928 776 comune
957 713 1130 774 Vult.
1215 714 1363 775 Act.
1395 713 1558 773 Flor.
1591 715 1658 774 in
1686 712 1932 792 palatio
1960 714 2266 774 comunis.
2352 710 2690 773 Guilielmo
2728 711 2844 771 Be-

389 811 644 872 rivardi.
690 805 974 872 Berardo
1018 817 1147 871 not.
1194 817 1273 872 tt.
1358 809 1686 891 Galganus
1728 811 1831 889 qd.
1877 809 2164 871 Bononis
2202 816 2337 870 not.

506 908 691 970 Idem
734 907 955 969 Simon
996 907 1274 968 Iohanni
1316 908 1556 968 vicario
1598 908 1781 976 dixit,
1827 907 2003 986 quod
2029 908 2260 970 darent
2285 908 2343 968 ei
2373 907 2708 969 consilium
2738 926 2844 987 ge·

388 1005 620 1077 nerale,
662 1005 820 1083 quia
858 1023 939 1064 ex
980 1009 1164 1082 parte
1195 1006 1483 1065 comunis
1503 1004 1680 1065 Vult.
1712 1005 1846 1065 eius
1878 1003 2139 1065 volebat
2168 1004 2381 1083 aliqua
2411 1004 2639 1074 dicere;
2668 1003 2845 1082 quod

387 1104 579 1165 iudex
620 1110 688 1165 et
730 1122 842 1164 sex
883 1109 1276 1165 recusarunt.
1323 1103 1661 1183 Exposuit,
1705 1102 1879 1183 quod
1922 1110 2266 1182 postquam
2324 1101 2678 1163 Florentini
2734 1122 2844 1163 no-

387 1204 550 1275 lunt,
596 1202 767 1282 quod
812 1201 1177 1263 Vulterrani
1219 1202 1472 1262 vadant
1513 1201 1931 1275 Florentiam,
1987 1201 2346 1262 Florentini
2394 1219 2521 1261 non
2580 1201 2846 1261 veniant

387 1300 588 1373 Vult.;
632 1298 810 1379 quod
849 1299 1151 1360 Albertus
1192 1298 1425 1360 Leonis
1480 1299 1673 1360 iudex
1729 1300 1886 1359 civis
1941 1297 2112 1360 Flor.
2170 1300 2441 1360 cessavit
2500 1297 2584 1358 ab
2638 1298 2845 1358 officio

387 1396 836 1477 appellationis
879 1398 945 1457 in
987 1398 1243 1457 comuni
1285 1396 1484 1465 Vult..
1526 1402 1595 1457 et
1636 1397 1810 1475 quod
1853 1398 2064 1475 ipsum
2108 1416 2329 1476 cogere
2369 1395 2624 1470 debeat,
2669 1395 2847 1475 quod

387 1500 769 1557 revertatur.
851 1496 1000 1555 Act.
1032 1494 1098 1555 in
1125 1494 1371 1572 palatio
1398 1496 1686 1555 comunis
1711 1494 1880 1555 Flor.
1964 1494 2196 1555 Oiardo
2223 1497 2524 1573 numptio
2550 1495 2845 1555 comunis

386 1593 559 1653 Vult.
606 1593 713 1673 qd.
757 1591 1020 1653 Salvini.
1064 1592 1340 1655 Talento
1378 1592 1753 1654 Affricantis
1796 1598 1878 1653 tt.
1963 1592 2307 1672 GalganuS.

705 1690 971 1752 Florem
1013 1689 1164 1750 Ast.
1213 1690 1403 1761 (Volt.
1448 1710 1509 1750 n.
1554 1689 1698 1767 927)
1741 1690 1913 1767 Oriy.

388 1825 524 1886 802.
2049 1824 2309 1896 OrvietO,
2345 1823 2424 1884 11
2466 1822 2619 1883 Juli
2661 1822 2842 1883 1272.

506 1921 951 2002 Gregorius
999 1922 1061 1982 X
1105 1923 1415 2001 magistro
1456 1927 1524 1983 et
1565 1921 1872 1983 fratribus
1913 1921 2250 2001 hospitalis
2276 1921 2357 1981 de
2388 1921 2731 2000 Altopassu
2761 1920 2846 1980 ad
2956 1983 2960 1988 ,

390 2022 751 2082 Romanam
795 2020 944 2081 eccl.
988 2020 1166 2080 nullo
1209 2020 1422 2081 medio
1463 2021 1860 2099 pertinentis.
1969 2020 2209 2081 Omnes
2250 2017 2580 2080 libertates
2623 2023 2691 2079 et
2729 2020 2844 2078 im·

386 2120 739 2179 munitates
793 2118 1113 2197 bonaque,
1179 2119 1347 2178 sicut
1410 2118 1671 2197 pacifice
1733 2117 2050 2188 detinent,
2096 2118 2449 2178 confirmat.
2555 2115 2762 2177 «Cum
2807 2135 2846 2176 a

388 2216 572 2277 nobis
591 2237 638 2275 ὴ.
724 2216 879 2277 Dat.
924 2217 1100 2296 apud
1141 2216 1671 2277 Urbemveterem
1715 2216 1772 2275 V
1815 2215 1900 2275 id.
1947 2215 2081 2287 iul.,
2126 2220 2301 2293 pont.
2346 2216 2400 2276 I.

717 2312 874 2374 Volt.
922 2313 1160 2373 AVcsc.
1205 2332 1256 2373 ε.
1299 2312 1491 2372 XIII
1530 2313 1655 2373 dec.
1695 2312 1736 2373 8
1760 2332 1823 2374 n.
1849 2312 1886 2372 1
1916 2313 2087 2390 Oriq.
2136 2312 2349 2389 (Bulla
2387 2312 2679 2383 verloren,
2723 2318 2846 2373 rote
2931 2306 2939 2313 ’

705 2411 837 2472 und
878 2411 1048 2488 qelbe
1085 2410 1592 2487 Seidenschnur).

388 2547 524 2607 803.
1852 2544 2112 2614 Ονυὶειο,
2155 2543 2236 2604 13
2274 2542 2621 2620 September
2661 2543 2843 2603 1272.

509 2646 957 2725 Gregorius
1003 2644 1063 2704 X
1104 2643 1411 2720 Iacobo¹)
1456 2643 1713 2720 C(aroli)
1770 2644 1933 2721 regis
1973 2641 2184 2702 Sicilie
2224 2643 2293 2702 in
2333 2642 2564 2703 Tuscia
2605 2643 2846 2702 vicario

387 2741 681 2823 generali.
767 2741 1059 2811 Mandat,
1103 2741 1411 2819 quatinus
1453 2744 1737 2799 castrum
1781 2737 2200 2819 Montisgabri
2242 2738 2326 2798 ad
2360 2737 2578 2799 sedem
2607 2740 2844 2818 episco-

388 2840 598 2921 palem
640 2839 818 2903 Vult.
862 2840 1208 2919 pertinens,
1259 2838 1429 2917 quod
1472 2837 1759 2899 detinere
1800 2837 2071 2908 dicatur,
2115 2836 2399 2917 capitulo
2441 2837 2639 2907 Vult„
2699 2858 2847 2899 cum

385 2940 537 3001 eccl.
582 2945 839 3019 pastore
880 2945 1090 3004 vacet
1135 2939 1458 3008 restituat,
1518 2937 1867 2998 dummodo
1928 2934 2286 3015 capitulum
2341 2941 2592 3007 caveat,
2650 2955 2731 2996 ne
2780 2937 2847 2996 in

386 3042 600 3098 castro
639 3038 929 3097 inimicos
971 3034 1076 3097 vel
1115 3042 1444 3114 suspectos
1487 3035 1609 3096 sibi
1650 3041 1717 3096 et
1780 3035 2073 3095 Romane
2114 3035 2266 3095 eccl.
2310 3032 2650 3095 indevotos
2692 3035 2844 3094 reci·

385 3136 543 3213 piat,
570 3141 981 3213 castrumque
1006 3134 1311 3194 custodiri
1342 3132 1562 3193 faciat.
1646 3133 1796 3192 «Ad
1818 3152 2038 3193 curam
2061 3153 2107 3191 ›>.
2192 3130 2345 3192 Dat.
2372 3132 2544 3238 apud
2573 3130 2843 3192 Urbem-

386 3238 667 3294 veterem
712 3232 798 3293 id.
843 3237 1030 3310 sept„
1073 3237 1256 3310 pont.
1302 3232 1354 3292 I.

715 3330 874 3392 Volt.
919 3329 1160 3391 AVe-sc.
1206 3348 1256 3389 8.
1301 3328 1492 3388 XIII
1536 3327 1706 3406 App.
1750 3328 1790 3388 8
1829 3327 2000 3406 Oriy.
2049 3327 2257 3403 (Bane
2297 3326 2613 3402 verloren).
2663 3325 2844 3387 Liber

704 3428 943 3488 iuriam
986 3425 1046 3488 2'
1088 3429 1189 3488 cit.

384 3555 528 3614 804.
1859 3551 2260 3622 Pomarance‚
2304 3551 2384 3611 24
2427 3548 2622 3625 April
2663 3547 2841 3609 1273.

505 3649 993 3723 MCCLXXIII,
1038 3652 1168 3712 ind.
1217 3649 1271 3722 Ι,
1307 3651 1419 3714 die
1460 3651 1608 3711 lune
1651 3647 1928 3710 XXIIII
1970 3668 2109 3727 apr.
2192 3648 2421 3710 Coram
2464 3647 2649 3707 vobis
2693 3645 2843 3706 Rai-

383 3751 558 3812 nerio
598 3750 929 3829 preposito
974 3748 1166 3823 Flor„
1209 3768 1378 3828 pape
1420 3748 1797 3828 cappellano
1837 3752 1906 3808 et
1945 3748 2057 3825 qui
2098 3766 2215 3807 vos
2256 3746 2470 3808 dicitis
2499 3747 2636 3806 eius
2677 3745 2844 3806 dele-

386 3854 636 3929 gatum,
677 3866 796 3908 nos
836 3847 1114 3909 Iacobus
1156 3847 1350 3908 iudex
1379 3852 1448 3908 et
1488 3846 1768 3906 Parisius
1798 3844 1905 3924 qd.
1938 3845 2315 3924 Bonaguide
2342 3844 2843 3905 ambasciatores

389 3946 757 4006 comunis
801 3944 1013 4004 Vult.
1058 3962 1100 4004 a
1142 3949 1445 4022 precepto
1483 3943 1669 4005 nobis
1709 3944 1800 4003 eri
1840 3943 2037 4016 facto,
2082 3947 2160 4002 ut
2210 3943 2692 4003 restitueremus
2741 3959 2844 4001 ca-

387 4049 594 4103 strum
636 4041 716 4102 de
760 4041 1278 4120 Montegemmoli
1320 4040 1504 4101 vobis
1543 4060 1660 4118 pro
1687 4059 1880 4118 papa,
1909 4039 1994 4099 ad
2024 4057 2262 4118 papam
2298 4037 2716 4118 appellamus,
2751 4056 2846 4097 re-

389 4140 701 4219 quirendo
745 4142 973 4212 etiam‚·
1011 4145 1085 4198 ut
1130 4138 1312 4198 vobis
1351 4137 1607 4217 placeat
1647 4139 1864 4199 venire
1906 4134 2082 4198 Vult.
2128 4136 2211 4197 ad
2253 4135 2703 4214 inquirendum
2738 4154 2845 4194 ve·

390 4241 648 4300 ritatem
679 4239 759 4299 de
787 4257 883 4307 eo,
906 4236 1082 4316 quod
1102 4237 1353 4307 dicitur,
1376 4255 1667 4308 comune,
1687 4235 1978 4296 homines
1999 4235 2102 4295 vel
2130 4231 2559 4295 districtuales
2587 4230 2842 4292 dedisse

389 4336 864 4417 receptaculum
913 4335 1275 4396 Guidoni
1317 4335 1409 4395 de
1452 4334 1943 4395 Monteforti
1998 4339 2147 4411 post
2194 4332 2584 4418 sententiam
2645 4329 2846 4390 latam

389 4441 614 4496 contra
656 4455 802 4496 eum
847 4454 962 4514 per
1003 4453 1240 4512 papam
1265 4435 1334 4511 ²),
1378 4432 1818 4512 protestando,
1861 4431 2057 4511 quod,
2089 4432 2143 4491 si
2169 4431 2562 4491 inveniretur
2597 4431 2662 4490 in
2693 4431 2847 4488 civi-

536 4654 578 4718 ¹)
619 4655 703 4703 De
744 4655 1027 4718 Bul-sona:
1067 4651 1210 4701 siche
1245 4651 1384 4701 auch
1419 4658 1586 4700 umen
1621 4666 1674 4700 π.
1717 4652 1834 4701 809.
2000 4649 2043 4713 ²³)
2084 4650 2258 4698 Guido
2294 4665 2396 4698 υοπ
2431 4647 2713 4708 Montfort,
2752 4647 2845 4697 der

389 4758 481 4792 am
518 4745 584 4793 13
625 4744 783 4791 Mdv-z
815 4745 950 4792 1271
991 4742 1054 4791 in
1095 4741 1305 4791 Vitcrbo
1343 4740 1591 4790 weiht-end
1625 4741 1720 4790 der
1755 4741 1934 4790 Messe
1973 4739 2239 4789 Heinrich
2276 4753 2378 4787 von
2415 4737 2700 4797 Cot-nivali,
2741 4737 2847 4786 den
