4000 5700
1099 522 1207 576 210
1756 520 2199 575 REGESTUM
2239 520 2919 575 VOLATERRANUM

1095 718 1340 804 tionem
1379 715 1462 777 de
1505 715 1877 794 albergaria,
1923 715 2126 790 datie,
2171 713 2458 787 collecta,
2503 715 2694 794 pullis
2719 720 2789 776 et
2816 714 2975 783 ovis,
3007 717 3223 795 granis
3251 721 3318 776 et
3347 714 3560 791 blada,

1094 813 1372 875 servitiis
1411 812 1734 884 omnibus»,
1777 814 2065 890 exceptis
2094 813 2399 890 pensione
2424 818 2494 873 et
2519 812 2804 873 decimi&
2890 810 3035 872 Aet.
3075 817 3197 873 etc.
3229 819 3306 873 ut
3347 831 3561 892 supra.

1427 909 1583 971 Volt.
1629 910 1871 972 AVa-sc.
1915 928 1961 970 a.
2008 909 2199 970 XIII
2239 909 2363 971 dec.
2416 909 2455 970 6
2481 930 2541 970 η.
2584 911 2676 971 77.
2711 909 2790 970 78
2816 909 2986 972 Zwei
3011 910 3224 987 Oriqq.
3255 909 3439 971 Liber
3463 911 3562 971 iu·

1421 1008 1591 1070 rium
1632 1007 1731 1069 18'
1771 1009 1871 1069 cit.

1099 1194 1232 1255 715.
2415 1194 2556 1256 San
2595 1195 2899 1269 Minicio,
2941 1196 3023 1257 16
3059 1195 3338 1257 februar
3375 1197 3559 1258 1261.

1218 1291 1512 1355 sindicus
1555 1294 1845 1354 comunis
1887 1292 2068 1357 Vult.
2115 1315 2156 1355 a
2193 1312 2492 1371 processu
2543 1294 2859 1355 Gualterii
2911 1294 2993 1353 de
3046 1293 3270 1356 Monte
3317 1294 3405 1355 ad
3456 1314 3561 1355 oo-

1098 1392 1324 1453 mitem
1364 1389 1557 1451 Iord
1575 1410 1729 1451 anu
1748 1409 1833 1463 m,
1878 1393 2042 1469 regis
2083 1391 2403 1452 Manfredi
2451 1393 2521 1451 iu
2558 1391 2789 1452 Tuscia
2831 1393 3142 1453 vicarium
3177 1391 3558 1470 generalem,

1097 1487 1403 1566 appellat.

1418 1585 1681 1647 norem
1723 1584 1874 1647 Ast.
1922 1585 2109 1663 (Vota.
2154 1585 2318 1647 1260
2359 1586 2436 1646 11
2477 1586 2578 1659 16,
2621 1607 2682 1648 n.
2732 1586 2875 1664 768)
2918 1586 3090 1664 Θήρ.

1102 1799 1235 1859 716.
1821 1835 1825 1840 -
2674 1799 2892 1872 Simo,
2936 1801 3019 1862 19
3059 1801 3341 1862 lebwar
3378 1800 3561 1862 1261.

1217 1895 1513 1957 Sindious
1554 1898 1845 1958 comunis
1886 1895 2067 1958 Vult
2113 1904 2339 1958 contra
2381 1899 2759 1976 gravamina
2788 1898 3101 1960 Gualterii
3137 1899 3220 1958 de
3245 1899 3468 1960 Monte
3493 1905 3563 1958 et

1097 1994 1352 2055 comitis
1379 1992 1660 2066 Iordani,
1702 1994 1924 2055 vicarii
1949 1993 2309 2072 generalis
2292 2013 2356 2054 1n
2385 1994 2638 2069 Tuscia,
2671 1995 2756 2055 ad
2796 2015 3075 2102 regenil
3052 1998 3117 2056 Μ
3134 1995 3271 2058 anf
3286 1996 3564 2057 redum

1098 2092 1399 2172 apponat
1419 2189 1687 2252 Florem
1730 2189 1881 2252 Ast.
1930 2188 2118 2266 (Vale.
2161 2189 2325 2251 1260
2365 2189 2444 2251 II
2486 2191 2586 2265 19,
2630 2211 2690 2253 n.
2738 2192 2879 2269 770)
2924 2191 3095 2270 Oriq.

1101 2405 1233 2467 717.
2713 2405 2894 2478 Rom,
2940 2406 3021 2467 20
3062 2405 3340 2466 Februar
3380 2405 3558 2466 1261.

1220 2502 1690 2564 Alexander
1728 2503 1833 2566 IV
1868 2504 2154 2580 (Iacobo)
2188 2502 2717 2582 archipresbitero
2745 2512 2813 2564 et
2840 2502 3127 2584 capitulo
3150 2504 3327 2564 Vult.
3412 2502 3562 2565 Om-

1098 2621 1210 2664 nes
1252 2601 1586 2663 libertates
1642 2614 1709 2661 et
1765 2603 2212 2663 immunitates
2254 2622 2294 2661 a
2336 2601 2683 2680 predecesst
2694 2603 2885 2663 ribus
2929 2621 3258 2664 concessas
3314 2622 3560 2665 necnon

1097 2699 1431 2762 libertates
1486 2707 1555 2760 et
1610 2700 2052 2777 exemptiones
2093 2699 2474 2760 secularium
2517 2701 2929 2761 exactionum
2988 2721 3027 2760 a
3081 2700 3192 2779 qd.
3234 2700 3557 2773 Federico,

1099 2805 1450 2878 antequam
1482 2800 1547 2858 in
1575 2818 1723 2860 eum
1751 2797 2172 2877 depositionis
2200 2798 2521 2860 sententia
2552 2818 2666 2879 per
2695 2798 2911 2860 sedem
2940 2818 3044 2878 ap.
3075 2798 3210 2860 lata
3237 2798 3463 2861 fuisset
3492 2801 3560 2876 ⁸),

1098 2903 1164 2956 et
1205 2896 1346 2957 aliis
1386 2896 1883 2975 imperatoribus
1924 2915 2000 2955 ac
2045 2896 2301 2975 regibus
2342 2902 2411 2957 et
2451 2895 2685 2957 Christi
2742 2896 3036 2958 fidelibus
3086 2897 3371 2958 indultas
3413 2917 3558 2959 oon-

1098 2994 1335 3056 firmat.
1420 2993 1632 3056 «Cum
1676 3014 1714 3053 a
1759 2993 1941 3055 nobis
1962 3013 2007 3055 t.
2096 2995 2249 3055 Dat.
2309 2994 2613 3055 Laterani
2659 2996 2719 3055 X
2750 2994 2878 3054 kal.
2924 3000 3135 3067 mart„
3182 3001 3364 3075 pont.
3407 2994 3556 3056 VII.

1428 3092 1584 3154 Volt.
1629 3090 1851 3170 AC'ap.
1898 3112 1959 3154 n.
2004 3091 2127 3153 243
2168 3091 2337 3169 Oria.
2389 3091 2604 3166 (Bulla
2646 3112 2732 3152 an
2775 3101 2930 3153 roter
2968 3094 3102 3154 und
3150 3098 3381 3170 qriiner
3424 3093 3560 3154 Sei·

1420 3188 1814 3265 denschnur).

1102 3402 1236 3463 718.
2605 3401 2895 3475 Volterra,
2941 3402 3021 3461 23
3063 3402 3340 3461 Febr-nar
3378 3399 3554 3461 1261.

1222 3500 1666 3561 Rainerius
1708 3500 1859 3560 olim
1902 3498 2082 3561 Vult.
2128 3500 2388 3571 electus,
2424 3499 2697 3561 vicarius
2740 3499 2989 3559 Alberti
3025 3499 3229 3571 electi,
3274 3499 3560 3560 volentes

1101 3600 1403 3660 omonice
1445 3598 1525 3659 de
1566 3599 1866 3658 Paurano
1908 3599 2152 3659 incuria
2193 3604 2260 3658 et
2303 3597 2596 3659 absentia
2623 3597 2849 3675 prioris
2877 3598 3002 3658 lese
3030 3596 3383 3675 providere,
3414 3614 3560 3656 eum

1101 3699 1312 3775 sepius
1354 3698 1554 3756 citare
1595 3696 1881 3770 fecimus3
1928 3697 2077 3774 quia
2126 3715 2277 3755 vero
2318 3715 2449 3756 non
2493 3696 2702 3765 rediit,
2748 3714 2896 3755 eum
2939 3715 2978 3754 a
3006 3697 3314 3755 canonica
3343 3694 3560 3754 admo-

1103 3814 1344 3855 vemus.
1428 3795 1573 3855 Act.
1620 3793 1798 3854 Vult.
1844 3794 1909 3854 in
1953 3791 2197 3871 palatio
2241 3814 2340 3872 ep.
2427 3793 2668 3853 Iacobo
2695 3793 3080 3871 archipresb.
3115 3793 3290 3853 Vult.
3328 3798 3395 3853 et·
3422 3788 3575 3854 Hu·'

1100 3912 1261 3970 gone
1293 3891 1427 3950 ord.
1476 3890 1659 3951 Pred.
1708 3897 1788 3950 tt..
1873 3890 2187 3961 MCCLX,
2219 3890 2350 3950 ind.
2398 3889 2561 3962 1111,
2606 3890 2736 3952 VII
2779 3889 2908 3950 kal.
2961 3897 3149 3950 mart.
3233 3889 3561 3951 Ildebran·

1100 3988 1288 4049 dinus
1332 3988 1601 4050 Gerardi
1644 3995 1780 4049 not.

1429 4087 1588 4148 Volt.
1635 4086 1874 4148 AVeac.
1918 4107 1970 4148 s.
2018 4086 2207 4147 XIII
2249 4086 2369 4147 dec.
2417 4086 2456 4147 6
2496 4107 2557 4147 n.
2603 4086 2683 4146 80
2724 4085 2894 4163 Oriq.

1246 4383 1288 4447 ¹)
1325 4383 1519 4433 Diues
1558 4383 1798 4445 Priviloq
1838 4383 2148 4433 Friedrich-9
2184 4383 2256 4432 II
2293 4383 2391 4443 fiir
2427 4384 2526 4431 das
2566 4384 2793 4446 Kapicd
2835 4399 2938 4433 von
2982 4384 3239 4441 Volterra.
3276 4385 3377 4433 das
3423 4383 3562 4432 wohl

1099 4473 1238 4522 nach
1272 4471 1366 4522 der
1402 4471 1751 4534 Okkupaticm
1776 4472 1868 4522 doe
1905 4473 2152 4522 Bistums
2177 4473 2299 4533 fiir&
2324 4473 2490 4522 Reich
2521 4472 2766 4536 (Januar
2796 4473 2957 4537 1210)
2986 4474 3115 4530 und,
3140 4471 3239 4523 wie
3263 4471 3561 4524 amar-ack-

1100 4562 1206 4612 lien
1240 4561 1672 4623 hervorqehoben‚
1711 4578 1803 4611 vor
1837 4563 1932 4612 der
1966 4563 2273 4625 Absetztmq
2314 4565 2403 4624 (17
2441 4562 2570 4612 Juli
2596 4564 2756 4627 1245)
2785 4561 3088 4625 amquam
3112 4562 3308 4619 warde.
3341 4561 3413 4611 ist
3449 4577 3559 4611 ver-

1100 4650 1259 4701 lorm.
1343 4650 1644 4712 Verqleiche
1686 4652 1813 4701 iiber
1838 4652 1983 4700 aeine
2010 4651 2288 4713 politische
2317 4651 2629 4713 Bedeuttmy
2662 4666 2686 4699 α
2706 4651 2923 4699 Bistam
2949 4651 3061 4700 und
3086 4633 3505 4710 Geldwirtachast
3534 4666 3558 4698 ι)

1101 4738 1171 4786 II
1210 4739 1328 4786 273.
