4000 5700
1110 507 1198 563 -92
1534 505 1542 515 '
1772 508 2217 564 REGESTUM
2253 508 2940 565 VOLATERRANUM

1126 703 1489 784 exemplum
1535 704 1811 764 Pascasii
1841 707 1907 780 ¹),
1940 703 2261 779 Gelasii'),
2307 704 2576 765 Adriani
2599 707 2667 781 ⁸),
2699 703 3046 765 Alexandri
3067 708 3138 782 ⁴),
3165 703 3346 765 Lucii
3362 709 3431 781 ⁴).
3463 705 3580 765 Ur-

1125 799 1363 879 bani⁸),
1407 799 1753 864 Clementis
1775 802 1844 876 ⁸),
1874 802 2175 863 celestini
2198 803 2243 877 ⁷)
2275 800 2527 880 plebem
2556 822 2703 863 cum
2734 801 2983 881 plebeio
3009 801 3130 862 sub
3159 821 3206 862 s.
3239 802 3417 863 Petri
3440 821 3580 882 pro-

1126 900 1405 961 tectione
1443 900 1711 978 suscipit
1739 908 1806 960 et
1837 900 2211 960 communit.
2296 920 2324 960 t
2350 898 2663 970 Quotiens
2691 919 2733 959 a
2758 898 2942 961 nobis
2969 921 3014 959 ».
3096 899 3248 960 Dat.
3282 899 3581 961 Laterani

1123 1017 1236 1075 per
1276 1018 1357 1058 m.
1402 996 1712 1059 Iohannis
1752 998 1811 1061 S.
1858 998 1935 1057 R.
1983 997 2055 1057 E.
2101 997 2385 1059 subdiac.
2431 1005 2498 1058 et
2532 1005 2665 1060 nob.
2698 998 2895 1059 XVII
2926 996 3049 1058 kal.
3084 994 3212 1071 iul„
3259 997 3383 1060 ind.
3430 996 3579 1072 VII,

1055 1141 1061 1146 .
1121 1094 1457 1167 Mcolm,
1499 1101 1676 1174 pont.
1722 1094 1868 1156 vn.

1444 1191 1706 1252 Florem
1727 1191 1877 1253 Ast.
1914 1192 2130 1268 (Colle)
2160 1191 2330 1269 Oriq.
2366 1192 2574 1270 (Bulla
2601 1192 2913 1268 verloren).
2985 1191 3153 1253 Colle
3177 1192 3413 1254 AVa-sc.
3449 1192 3582 1253 Atti

1378 1311 1383 1318 ·
1440 1287 1972 1367 dell’Arcipretato
2011 1292 2057 1368 j.
2102 1290 2183 1352 25
2223 1289 2374 1369 Cop.
2419 1310 2468 1350 8.
2514 1289 2787 1351 XVIII.

1117 1467 1255 1528 266.
2731 1468 3148 1540 Volterra,16
3186 1468 3355 1529 ani
3396 1469 3579 1532 1204.

1241 1564 1574 1634 MCCIIIL
1619 1564 1745 1625 ind.
1776 1564 1926 1638 VII,
1960 1564 2117 1626 XVI
2161 1565 2285 1626 kal.
2330 1565 2436 1628 iul.
2521 1563 2812 1626 Villanus
2852 1566 2932 1626 de
2973 1565 3191 1626 Silano
3232 1566 3369 1626 iuro
3398 1565 3577 1626 Vul-

1119 1667 1503 1724 terranos
1545 1660 1812 1733 salvare,
1842 1665 1931 1723 eis
1963 1665 2277 1724 rationem
2305 1662 2513 1725 facere
2545 1683 2656 1724 nec
2685 1666 2985 1743 passagia
3024 1662 3287 1736 auferre,
3320 1673 3576 1724 excetto

1116 1762 1338 1821 comiti
1382 1759 1867 1830 Aldobrandini,
1911 1760 2026 1840 qui
2051 1760 2132 1822 de
2160 1781 2235 1821 oc
2270 1770 2676 1822 sacramento
2702 1782 2805 1822 me
2832 1769 3118 1823 exstrare
3145 1782 3275 1824 non
3301 1781 3570 1841 possem.

1117 1860 1257 1919 Act.
1286 1859 1456 1920 Vult.
1488 1860 1556 1919 in
1585 1858 1730 1919 eccl.
1776 1878 1821 1919 s.
1853 1858 2070 1920 Mario.
2157 1858 2418 1920 Ranieri
2447 1859 2488 1920 f.
2523 1859 2908 1921 Dirindonis.
2942 1860 3293 1941 Luteringo
3317 1861 3423 1941 qd.
3462 1862 3571 1923 So-

1116 1956 1290 2018 richi.
1337 1956 1786 2018 Gualterottus
1827 1954 1929 2032 qd.
1975 1955 2213 2017 Maffei.
2257 1954 2645 2017 Istefanotio
2684 1956 2789 2034 qd.
2822 1956 3156 2019 Ubertelli.
3186 1955 3571 2019 Cancellerio

1115 2052 1219 2131 qd.
1266 2054 1488 2114 Arturi
1530 2058 1605 2114 tt.
1690 2053 1981 2114 Andreas
2025 2055 2174 2132 imp.
2221 2054 2364 2114 aule
2405 2060 2536 2114 not.

1435 2151 1696 2212 Florem
1737 2151 1891 2211 Ast.
1941 2151 2126 2226 (Volt.
2172 2171 2235 2211 π.
2285 2152 2385 2226 73)
2431 2151 2604 2229 Oriq.

1112 2328 1249 2389 267.
2721 2330 3014 2400 Canum,
3058 2329 3142 2391 20
3179 2330 3349 2391 Juni
3389 2331 3565 2391 1204.

1235 2426 1569 2499 MCCIIII,
1612 2426 1738 2488 ind.
1785 2426 1934 2497 VII.
1969 2426 2106 2487 XII
2136 2426 2258 2486 kal.
2291 2427 2396 2487 iul.
2483 2426 2794 2489 Homines
2820 2429 3012 2489 castri
3041 2428 3121 2489 de
3149 2428 3394 2489 Caneto
3421 2447 3567 2488 con·

1111 2526 1428 2586 sentiente
1451 2523 1690 2587 habate
1710 2524 2016 2585 Rainerio
2044 2525 2123 2585 de
2150 2524 2577 2586 Monteviride
2606 2525 2985 2586 iuraverunt
3003 2526 3254 2586 salvare
3282 2526 3566 2587 homines

1111 2622 1167 2683 V
1185 2643 1226 2683 u
1243 2623 1263 2683 l
1281 2629 1359 2683 te
1375 2642 1406 2682 r
1422 2643 1507 2683 ra
1524 2643 1563 2684 n
1580 2642 1665 2685 os
1703 2631 1769 2682 et
1811 2624 2355 2684 comandamenta
2379 2623 2710 2684 consulum
2742 2622 2846 2684 vel
2873 2625 3215 2702 potestatis
3242 2622 3417 2685 Vult.
3456 2623 3564 2685 ob·

1109 2740 1377 2781 servare.
1464 2720 1693 2782 Iurant
1716 2718 1966 2781 XLVII
1996 2721 2328 2781 nominati.
2410 2722 2550 2781 Act.
2584 2721 2652 2782 in
2679 2721 2903 2782 eodem
2933 2726 3159 2782 castro.
3246 2721 3566 2801 Henrigus

1110 2819 1259 2899 imp.
1307 2818 1664 2880 maiestatis
1705 2823 1835 2879 not.

1429 2915 1686 2976 Florenz
1728 2916 1878 2977 Ast.
1926 2914 2113 2993 (Vols.
2157 2937 2218 2975 n.
2269 2917 2368 2992 74)
2413 2916 2585 2994 Oriq.

1106 3093 1243 3154 268.
2613 3094 3073 3171 Monteqabbro,
3116 3094 3156 3155 8
3195 3095 3342 3155 Juli
3382 3095 3556 3156 1204.

1227 3192 1359 3252 Nos
1402 3190 1790 3254 Guiliccione
1830 3200 1897 3253 et
1938 3188 2312 3252 Albertinus
2351 3191 2432 3251 de
2472 3191 2645 3252 Colle
2687 3193 3126 3270 promittimus
3169 3211 3284 3302 pro
3326 3194 3560 3255 comite

1106 3288 1615 3366 Ild(ebrandino)
1659 3289 1777 3350 tibi
1822 3290 2053 3352 Tesino
2093 3288 2405 3368 Cipilliuti
2434 3309 2550 3368 pro
2585 3288 2810 3349 Vult
2867 3289 3190 3350 comuni
3229 3288 3484 3351 facere
3468 3310 3557 3350 lu-

1106 3406 1245 3446 rare
1286 3386 1576 3448 homines
1617 3387 1698 3449 de
1740 3388 2054 3447 Menzano
2093 3388 2345 3448 salvare
2387 3388 2674 3448 homines
2715 3386 2796 3446 de
2823 3387 2997 3448 Vult.
3030 3393 3098 3448 et
3126 3387 3216 3448 eis
3243 3389 3556 3449 rationem

1103 3485 1330 3557 facere,
1375 3487 1531 3563 quia
1570 3482 1887 3558 volumus,
1930 3492 2008 3545 ut
2051 3486 2338 3547 homines
2383 3487 2462 3547 de
2502 3485 2675 3547 Vult.
2709 3485 2952 3550 faciant
2979 3487 3293 3547 rationem
3331 3484 3451 3547 illis
3480 3486 3559 3547 de

1103 3582 1448 3654 Menzano;
1493 3585 1546 3643 si
1590 3604 1715 3644 non
1760 3583 2027 3645 fecerint
2069 3592 2136 3644 et
2175 3583 2723 3660 Ild(ebrandinus)
2755 3581 2858 3644 vel
2893 3579 3180 3644 consules
3208 3589 3324 3643 aut
3354 3593 3558 3645 rector

1103 3683 1183 3743 de
1226 3681 1396 3743 Colle
1438 3683 1842 3760 inquisierint
1882 3672 2171 3743 consules
2214 3682 2317 3741 vel
2357 3689 2746 3761 potestatem
2791 3681 2873 3741 de
2913 3680 3110 3755 Vult„
3149 3680 3437 3743 homines
3477 3682 3557 3743 de

1102 3779 1414 3842 Menzano
1446 3780 1528 3842 de
1556 3787 1958 3841 sacramento
1985 3781 2256 3841 rationis
2285 3800 2411 3841 non
2443 3787 2799 3841 teneantur.
2834 3780 3270 3858 Exceptamus
3311 3782 3344 3842 I
3364 3779 3554 3855 ld(e·

1101 3877 1536 3955 brandum)
1585 3878 1756 3940 Vult.
1789 3898 1884 3958 ep.
1917 3888 1983 3939 et
2011 3898 2420 3950 successoreS,
2463 3880 2765 3940 comitem
2807 3877 3340 3954 Ild(ebrandum),
3386 3879 3553 3940 Ada-

1099 3973 1358 4039 lasciam
1403 3978 1819 4050 comitissam,
1865 3976 2156 4038 homines
2197 3978 2278 4038 de
2317 3976 2523 4049 Collc;
2568 3996 2708 4055 pen.
2753 3976 2802 4037 C
2845 3995 3035 4037 marc.
3082 3996 3208 4055 arg.
3301 3978 3443 4038 Act.
3490 3978 3552 4037 in

1097 4075 1361 4138 castello
1400 4077 1480 4137 de
1536 4075 1956 4155 Montegabro
2015 4077 2080 4136 in
2135 4077 2508 4155 episcopatu
2553 4075 2725 4135 Vult.
2826 4074 3156 4149 MCCIIII,
3217 4074 3342 4136 ind.
3400 4074 3549 4139 VII.

1100 4172 1266 4234 VIII
1304 4175 1388 4236 id.
1434 4174 1537 4235 iul.
1624 4174 1946 4236 Guidocto
1985 4176 2066 4235 de
2107 4174 2295 4236 Colle.
2341 4173 2723 4235 Guicciardo
2769 4173 2874 4252 qd.
2919 4172 3256 4236 Albertini.
3301 4173 3554 4235 Mancio

1098 4270 1202 4349 qd.
1248 4272 1590 4333 Gualconis
1634 4279 1709 4332 tt..
1795 4273 2033 4333 Sem-‚us
2073 4291 2118 4332 s.
2165 4275 2315 4350 imp.
2362 4277 2493 4332 not.

1416 4368 1674 4429 Florenz
1716 4369 1868 4430 Ast.
1917 4369 2105 4444 (Volt.
2150 4389 2214 4429 n.
2265 4369 2364 4444 75)
2409 4369 2580 4445 Θήῃ.

1242 4565 1283 4628 ι)
1319 4566 1425 4616 JL.
1467 4568 1621 4617 6473.
1821 4567 1865 4629 ⁸)
1900 4566 2009 4616 JL.
2051 4568 2207 4617 6653.
2406 4566 2451 4629 3)
2487 4566 2592 4617 Jt..
2635 4568 2824 4617 10401.
3024 4568 3068 4629 ⁴)
3109 4566 3270 4617 mem
3305 4567 3548 4619 bokom.

1095 4650 1139 4717 ⁸)
1176 4654 1280 4704 JL.
1324 4657 1512 4707 15997.
1658 4654 1702 4718 ⁶)
1740 4655 1844 4705 αι..
1888 4658 2076 4707 16166.
2225 4652 2269 4718 τ)
2305 4654 2410 4704 JL.
2443 4658 2630 4706 16798.
2706 4656 2864 4706 seem
2888 4657 3095 4707 omn.
3119 4658 3385 4708 152153.
3429 4659 3547 4709 184.

1094 4745 1199 4795 :220
1236 4744 1374 4805 (aaa
1410 4742 1800 4805 Anmorkunq).
1842 4746 1961 4795 2224.
2005 4746 2122 4795 ⁶223.
