4000 5700
1067 547 1509 603 REGESTUM
1547 547 2235 603 VOLATERRANUM
2770 550 2877 602 293

419 745 559 808 867.
1742 743 1882 806 San
1922 743 2323 821 Gimiqnam,
2366 745 2448 806 22
2486 745 2536 805 J
2537 764 2655 807 um
2695 744 2875 806 1280.

541 841 985 916 MCCLXXX,
1028 842 1157 905 ind.
1202 841 1385 913 VIII,
1430 840 1637 903 XXII
1679 844 1808 903 iun.
1899 842 2191 904 Fantone
2229 842 2311 903 de
2350 842 2574 904 Rossis
2600 843 2680 904 de
2707 841 2876 905 Flor.

419 946 709 1020 potestas
748 938 972 1002 Sancti
1024 939 1428 1002 Geminiani¹
1437 944 1456 1017 )
1513 959 1825 1001 consensu
1879 940 2123 1001 consilii
2178 940 2370 1021 elegit
2426 940 2667 1020 Pepum
2727 940 2878 1002 olim

417 1038 745 1100 Michaelis
789 1037 986 1116 Burgi
1024 1044 1094 1099 et
1133 1035 1352 1099 Colam
1410 1037 1562 1100 olim
1604 1036 1936 1100 Lamberti
1975 1044 2421 1116 procuratores
2462 1038 2548 1100 ad
2588 1058 2875 1118 compro-

420 1129 823 1198 mittendum’
853 1136 923 1197 in
963 1155 1234 1221 comune
1275 1136 1355 1196 de
1394 1134 1637 1197 Casulis
1679 1136 1759 1196 de
1801 1136 1912 1197 lite
1953 1137 2124 1197 inter
2163 1156 2434 1198 comune
2488 1136 2709 1199 Sancti
2755 1136 2876 1199 Ge-

423 1233 688 1296 miniani
729 1238 801 1294 et
839 1233 1284 1294 Ranerium
1327 1253 1428 1313 ep.
1470 1232 2030 1312 Vult.foccasione
2072 1235 2264 1295 castri
2305 1234 2387 1295 de
2414 1233 2773 1296 Gambaseo
2811 1239 2878 1295 et

419 1330 870 1404 Gambassino,
888 1333 1082 1393 castri
1109 1331 1189 1392 de
1216 1331 1538 1409 Ulignano
1564 1337 1633 1393 et
1660 1332 2113 1393 destructionis
2139 1334 2294 1393 eius.
2377 1333 2522 1393 Act.
2552 1331 2620 1392 in
2639 1331 2878 1395 Sancto

419 1428 802 1491 Geminiano
843 1429 911 1489 in
951 1426 1197 1507 palatio
1236 1426 1778 1502 Mantellinorum,
1821 1429 1933 1490 ubi
1989 1431 2155 1491 fiunt
2209 1429 2491 1491 consilia.
2589 1430 2878 1492 Iohanne

422 1527 629 1588 iudice
669 1527 751 1587 de
789 1526 1326 1605 Montepulciano.
1373 1526 1664 1588 Guidone
1706 1526 2063 1606 Megliorati
2119 1527 2199 1588 de
2254 1527 2471 1589 Prat0.
2514 1528 2876 1590 Alamanno

417 1633 556 1686 not.
603 1624 824 1686 Iacobi
851 1624 933 1686 de
960 1625 1186 1687 Castro
1215 1623 1604 1687 Florentino,
1634 1625 1874 1686 Iacobo
1904 1645 2174 1705 precone
2213 1629 2504 1689 comunis
2526 1632 2604 1688 tt.
2688 1625 2874 1688 Lam-

422 1721 643 1782 bertus
685 1722 934 1783 Trincie
978 1727 1145 1785 auct.
1191 1724 1343 1802 imp.
1390 1728 1524 1784 not.

742 1819 880 1880 San
922 1820 1302 1897 Gimiqnauo
1346 1819 1578 1881 AC'om.
1623 1821 1805 1881 Liber
1843 1821 2105 1882 blancus
2144 1821 2224 1881 87
2264 1820 2415 1898 Cop.
2459 1841 2507 1881 ε.
2553 1820 2741 1883 XIII
2782 1840 2872 1882 ex.

417 2113 558 2171 868.
1644 2111 1864 2173 Oasole
1912 2112 2036 2174 Vaz
2077 2113 2137 2173 d'
2142 2113 2320 2185 Elea,
2364 2114 2446 2173 24
2485 2113 2654 2173 Juni
2694 2112 2875 2173 1280.

541 2208 989 2280 MCCLXXX,
1034 2209 1164 2269 ind.
1210 2209 1394 2281 VIII,
1453 2209 1732 2271 XXIIII
1790 2210 1923 2271 iun.
2029 2209 2495 2289 Raynerius
2556 2211 2732 2271 Vult.
2773 2231 2877 2291 ep.

422 2307 763 2367 constituit
804 2307 1062 2368 Donum
1105 2309 1380 2386 priorem
1422 2328 1472 2369 s.
1516 2307 1715 2369 Marie
1756 2308 1922 2368 Flor.
1966 2313 2037 2368 et
2064 2328 2114 2370 s.
2152 2307 2325 2369 Petri
2356 2314 2540 2388 porte
2568 2308 2771 2371 Silicis
2797 2309 2878 2370 de

420 2405 616 2474 Vult„
673 2405 878 2483 presb.
936 2404 1244 2466 Iacobum
1301 2412 1609 2466 rectorem
1653 2425 1701 2465 s.
1747 2403 1987 2467 Donati
2047 2404 2251 2483 plebis
2291 2404 2351 2466 S.
2395 2406 2760 2467 Geminiani
2811 2412 2879 2468 et

419 2502 922 2563 Guillielminum
966 2509 1274 2564 vocatum
1316 2504 1552 2564 Prence
1593 2503 1701 2582 qd.
1747 2503 2093 2566 Guillielmi
2132 2523 2281 2565 suos
2307 2511 2753 2583 procuratores
2792 2505 2878 2566 ad

421 2602 910 2678 proponendum
951 2602 1263 2678 potestati
1304 2600 1471 2661 Flor.
1520 2601 1660 2663 iura
1705 2601 1989 2681 episcopi
2042 2602 2109 2661 in
2144 2607 2359 2662 castro
2411 2602 2491 2662 de
2546 2601 2877 2662 Puliciano

420 2696 598 2761 Vult.
643 2697 808 2760 dioc.
889 2700 1036 2760 Act.
1079 2698 1343 2762 Casulis.
1425 2698 1692 2761 Alberto
1719 2697 1995 2779 plebano
2023 2699 2106 2760 de
2135 2699 2428 2762 Gerfalco
2465 2704 2533 2760 et
2573 2699 2876 2761 Tinuccio

419 2796 531 2875 qd.
577 2795 849 2858 Gentilis
892 2802 971 2859 tt.
1054 2796 1328 2859 Iacobus
1370 2797 1477 2877 qd.
1521 2796 1764 2859 Posche
1803 2796 1998 2859 iudex
2039 2804 2108 2859 et
2148 2803 2284 2858 not.

753 2894 904 2956 Volt.
936 2896 1173 2957 AVesc.
1204 2915 1253 2957 ε.
1274 2895 1465 2956 XIII
1490 2896 1614 2957 dec.
1647 2896 1688 2956 8
1712 2915 1776 2957 n.
1809 2896 1890 2958 87
1916 2896 2089 2974 Oriq.

423 3189 557 3250 869.
1993 3188 2236 3260 Oasole,
2281 3188 2363 3249 29
2406 3188 2658 3264 Auqust
2674 3183 2875 3250 1280.

542 3283 984 3355 MCCLXXX,
1031 3285 1162 3346 ind.
1194 3284 1375 3354 VIII,
1421 3285 1757 3346 XXVIIII
1787 3305 1931 3365 aug.
2016 3285 2422 3346 Ranerius
2464 3305 2561 3364 ep.
2606 3285 2780 3347 Vult.
2810 3291 2877 3347 et

422 3383 631 3460 Pepus
664 3381 812 3444 olim
843 3382 1167 3443 Michaelis
1195 3383 1474 3443 sindicus
1502 3385 1793 3444 comunis
1821 3383 2039 3444 Sancti
2071 3382 2478 3446 Geminiani
2460 3405 2529 3444 1n
2557 3385 2876 3463 presentia

421 3481 674 3540 Andree
713 3479 925 3540 Maffei
958 3486 1024 3540 et
1053 3480 1254 3540 Nardi
1283 3479 1543 3559 Rogerii
1569 3481 1959 3541 arbitrorum
1989 3481 2068 3541 de
2095 3480 2341 3542 Casulis
2369 3487 2877 3562 prorogaverunt

419 3579 771 3640 terminum
813 3578 900 3638 ad
938 3577 1177 3638 festum
1219 3598 1267 3637 s.
1313 3577 1655 3640 Michaelis
1738 3579 1882 3639 Act.
1927 3579 1991 3639 in
2036 3576 2220 3657 plebe
2260 3577 2340 3639 de
2380 3577 2644 3639 Casulis.
2728 3577 2872 3641 Oar-

420 3677 637 3737 rocino
679 3674 1062 3752 archipresb.
1107 3674 1280 3734 Vult.
1325 3674 1537 3736 Ticcio
1567 3675 1947 3753 archipresb.
1980 3677 2060 3736 de
2088 3673 2275 3738 Colle.
2305 3673 2576 3737 Alberto
2602 3673 2877 3754 plebano

417 3774 504 3836 de
543 3772 835 3835 Gerfalco
878 3778 956 3833 tt.
1042 3772 1449 3848 (Lambertus
1490 3773 1739 3834 Trincie
1777 3777 1958 3850 not).

740 3870 878 3932 San
920 3871 1299 3946 Gimiqnano
1341 3870 1575 3932 AGom.
1619 3871 1804 3932 Liber
1842 3871 2098 3932 blancus
2148 3870 2229 3931 55
2268 3870 2419 3949 Gop.
2462 3891 2510 3932 s.
2554 3869 2746 3932 XIII
2785 3890 2872 3932 ex.

746 3969 883 4042 (mit
904 3989 964 4027 n.
997 3967 1117 4028 873
1143 3971 1539 4044 zusammen).
1619 3968 1766 4045 Req.
1806 3967 2171 4028 Davideolm
2192 3967 2632 4044 Forechunqen
2655 3966 2735 4028 II
2755 3967 2878 4029 217

740 4086 805 4125 τι.
851 4065 1027 4126 1612.

424 4263 557 4324 870.
1880 4261 2178 4334 Volterra,
2225 4262 2265 4323 6
2304 4261 2656 4338 September
2694 4261 2872 4323 1280.

542 4360 949 4421 Ranerius
1005 4379 1103 4437 ep.
1162 4359 1334 4420 Vult.
1379 4359 1715 4420 admonuit
1776 4379 2047 4420 comune
2089 4359 2310 4420 Sancti
2358 4359 2738 4434 Geminiani,
2792 4380 2874 4421 ne

567 4588 610 4652 ¹)
649 4587 805 4636 Siehe
841 4585 1160 4636 Davidsohn
1211 4586 1592 4647 Forschunfycn
1640 4585 1707 4634 11
1751 4587 1854 4635 216
1893 4601 1944 4633 π.
1991 4588 2127 4635 1609
2165 4586 2279 4635 und
2314 4585 2572 4647 solqende.
2646 4585 2728 4635 Er
2762 4600 2875 4636 war

418 4678 554 4726 wohl
589 4676 734 4726 nicht
760 4683 864 4725 eret
889 4675 986 4726 neit
1013 4677 1130 4725 dem
1159 4678 1184 4725 Ῑ
1215 4675 1258 4723 J
1263 4675 1357 4732 uli,
1385 4675 1614 4724 sondern
1638 4676 1738 4723 das
1775 4691 1940 4736 yanze
1979 4675 2123 4724 Jahr
2160 4675 2387 4724 Pedestd
2425 4691 2527 4723 von
2565 4675 2682 4723 San
2708 4674 2875 4724 aimi-

421 4782 614 4828 qnam.
