4000 5700
1026 529 1471 586 REGESTUM
1510 531 1894 586 VOLATER
1903 532 2131 585 RAW
2134 533 2196 585 M
2734 536 2843 588 319

382 729 517 787 938
1475 681 1490 693 ⁶
1847 762 1860 777 .
2118 728 2302 799 Rieu,
2347 729 2429 789 26
2472 728 2621 789 Μαι·
2660 730 2838 790 1288.

499 824 902 885 Nicolaus
943 824 1050 886 IV
1098 824 1472 904 (Raynerio)
1514 844 1612 902 ep.
1657 825 1830 887 Vult.
1917 826 2196 886 Nuntiat
2238 825 2504 886 Nerium
2540 827 2645 904 qd.
2675 827 2840 886 Ilde-

380 920 680 981 brandini
719 920 801 981 de
847 919 1158 981 Chiusure
1213 920 1446 981 laicum
1501 921 1675 981 Aret.
1733 920 1916 991 dioc..
1973 938 2168 999 quem
2222 921 2564 983 Avenante
2617 922 2843 982 mulier

379 1036 597 1079 secum
637 1017 802 1078 falso
844 1018 1114 1078 asseruit
1158 1020 1642 1080 matrimonium
1683 1020 2079 1080 contraxisse
2120 1038 2267 1080 eum
2309 1019 2591 1097 petendo
2627 1040 2841 1080 coram

380 1116 655 1195 plebano
699 1117 778 1175 de
820 1115 1063 1176 Pacina
1101 1115 1277 1176 Aret.
1320 1117 1504 1187 dioc..
1548 1117 1652 1176 cui
1684 1115 2088 1193 (Guilelmus)
2118 1137 2217 1196 ep.
2250 1118 2552 1178 Aretinus
2581 1137 2842 1178 causam

381 1214 724 1283 commisit,
767 1214 990 1291 iniqua
1030 1215 1351 1274 sententia
1393 1233 1432 1273 a
1472 1211 1750 1292 plebano
1795 1214 2204 1293 promulgata
2243 1215 2327 1275 ad
2369 1216 2585 1275 sedem
2627 1216 2839 1296 appel—

383 1309 561 1369 lasse.
606 1308 897 1379 Mandat‚
943 1316 1016 1369 ut
1060 1310 1363 1370 canonice
1404 1317 1765 1389 cognoscat.
1867 1310 2046 1371 «Sua
2088 1310 2272 1370 nobis
2292 1332 2335 1371 ».
2439 1312 2589 1371 Dat.
2634 1312 2841 1372 Reate

383 1406 511 1465 VII
553 1406 676 1466 kal.
722 1406 876 1479 iun„
923 1413 1105 1484 pont.
1154 1407 1202 1467 I.

713 1505 869 1564 Volt.
917 1505 1154 1566 AVeec.
1201 1506 1369 1583 App.
1414 1526 1462 1565 8.
1506 1505 1693 1566 XIII
1736 1527 1797 1566 n.
1828 1507 1906 1566 11
1937 1507 2107 1585 Oriq.
2151 1506 2361 1583 (Bulla
2388 1507 2676 1568 rerloren.
2708 1508 2843 1584 Aul

702 1604 806 1663 der
849 1603 1175 1664 Rilckseite
1217 1603 1450 1663 Nerius
1491 1604 1571 1664 de
1613 1603 1829 1679 Colle).

384 1799 519 1858 939.
2140 1801 2326 1875 Rieti,
2369 1800 2408 1860 5
2450 1801 2620 1862 Juni
2661 1800 2838 1862 1288.

503 1897 566 1957 N
581 1896 852 1958 ic‘olau
871 1916 901 1956 s
930 1896 1036 1957 IV
1066 1896 1341 1975 Rogerio
1371 1896 1646 1976 archiep.
1677 1896 1928 1959 Pisano.
2016 1897 2305 1970 Mandat,
2338 1899 2662 1977 quatinus,
2694 1918 2841 1958 cum

386 1995 795 2073 (Raynerius)
841 2014 940 2072 ep.
985 1993 1157 2055 Vult.
1204 2001 1270 2054 et
1309 1994 1782 2072 predecessores
1826 1994 1996 2056 bona
2038 2015 2135 2073 ep.
2180 1995 2421 2056 clericis
2448 2002 2517 2055 et
2553 1992 2730 2054 laicis
2757 1995 2840 2055 ad

383 2094 611 2166 vitam,
656 2092 741 2153 ad
786 2098 1043 2171 tempus
1070 2092 1174 2153 vel
1199 2097 1513 2171 perpetuo
1542 2091 1984 2164 alienaverint,
2016 2114 2093 2154 ea
2120 2098 2378 2155 revocet
2402 2093 2466 2169 ¹).
2551 2114 2579 2153 e
2598 2093 2703 2153 Ad
2729 2112 2839 2153 au-

382 2191 694 2251 dientiam
716 2212 759 2250 ».
847 2191 996 2252 Dat.
1040 2190 1248 2253 Reate
1289 2208 1437 2250 non.
1482 2189 1633 2260 iun.‚
1676 2197 1858 2269 pont.
1905 2191 1956 2251 Ι.

711 2290 860 2351 Volt.
908 2289 1145 2350 AVeec.
1188 2309 1235 2350 ε.
1281 2288 1468 2350 XIII
1509 2290 1628 2351 dec.
1676 2288 1716 2349 9
1741 2309 1803 2349 n.
1835 2290 1916 2351 58
1944 2290 2115 2367 Oriq.
2153 2291 2359 2365 (Bulle
2386 2289 2674 2350 verloren.
2708 2290 2843 2366 Aul

703 2389 809 2447 der
850 2386 1178 2448 Rfickeeite
1219 2387 1286 2448 C.
1330 2388 1413 2448 de
1453 2387 1695 2449 Sancto
1738 2387 2164 2465 Geminiano).

386 2585 521 2644 940.
1820 2581 2119 2653 Chianni,
2164 2584 2243 2643 24
2292 2582 2621 2643 Vovember
2660 2584 2837 2645 1288.

507 2680 744 2743 Omnes
787 2682 1074 2741 homines
1114 2681 1194 2742 de
1237 2681 1580 2742 Chiann
1564 2701 1601 2750 1,
1647 2679 1923 2750 LXXX,
1957 2679 2228 2759 Herrigo
2254 2681 2336 2743 de
2364 2680 2426 2741 la
2466 2681 2639 2742 Tosa
2662 2682 2811 2742 Ra·
2796 2701 2839 2739 ι·

387 2780 594 2840 nerii
635 2799 732 2860 ep.
777 2780 950 2841 Vult.
996 2782 1060 2840 in
1102 2779 1397 2859 partibus
1443 2778 1624 2841 vallis
1668 2780 1790 2839 Ere
1837 2779 2074 2839 vicario
2131 2779 2405 2858 generali
2462 2779 2840 2843 fidelitatem

384 2878 617 2937 iurant.
703 2878 843 2936 Act.
889 2877 1204 2938 Chianni
1187 2896 1255 2937 m
1282 2877 1421 2937 loco
1448 2877 1624 2936 dicto
1666 2875 1980 2937 CasalinO.
2068 2876 2677 2948 MCCLXXXVIII,
2710 2879 2837 2938 ind.

386 2976 472 3048 II,
516 2995 662 3036 nov.
710 2975 1005 3036 XXIIII.

1665 3072 2119 3148 Montesoecoli,
2165 3074 2245 3134 27
2288 3074 2621 3134 November
2662 3074 2838 3135 1288.

504 3170 674 3231 Item
717 3169 937 3232 CXIX
978 3171 1059 3231 de
1102 3169 1417 3231 Montef
1431 3169 1711 3230 osculi.
1791 3168 2243 3230 Montefosculi
2272 3171 2338 3231 in
2365 3170 2515 3232 eccl.
2547 3189 2596 3230 s.
2621 3170 2838 3232 Marie.

385 3267 553 3328 Nov.
599 3267 881 3329 XXVII.

1818 3364 2120 3436 LaiaticQ
2162 3363 2244 3424 29
2288 3365 2620 3425 November
2661 3365 2838 3427 1288.

504 3459 675 3520 Item
716 3459 1004 3519 LXVIII
1046 3459 1126 3520 de
1166 3459 1566 3521 Laiatico.
1653 3460 1923 3520 Laiatici
1952 3462 2021 3520 in
2062 3460 2342 3523 claustro
2369 3459 2577 3539 plebis
2603 3481 2652 3521 s.
2684 3461 2840 3524 Leo-

384 3556 589 3618 nardi.
674 3556 839 3619 Nov.
885 3555 1240 3616 XXVIIII.

713 3654 864 3716 Vou.
911 3653 1150 3715 AVao.
1193 3674 1242 3713 8.
1287 3652 1473 3714 ΧΠ]
1505 3635 1636 3714 'dea
1681 3655 1721 3714 9
1747 3675 1808 3715 n.
1841 3655 1921 3715 57
1948 3655 2120 3732 Oriq.
2157 3655 2462 3732 (Botulus,
2494 3659 2608 3718 mit
2634 3676 2695 3716 n.
2721 3657 2841 3717 937

705 3754 1103 3828 zusammen).

386 3947 522 4005 941.
1854 3949 2132 4021 Erasini,
2162 3949 2243 4010 28
2284 3949 2621 4010 November
2660 3949 2838 4012 1288.

504 4043 1122 4117 MOCLXXXVIII,
1151 4044 1284 4105 ind.
1316 4045 1408 4116 ΙΙ,
1439 4045 1544 4106 ΙΠ
1572 4066 1670 4107 ex.
1700 4065 1848 4108 nov.
1935 4046 2131 4124 Hugo
2162 4046 2473 4126 plebanus
2500 4047 2583 4108 de
2610 4047 2839 4119 Menti,

386 4147 677 4220 potestas
704 4141 990 4203 electus
972 4161 1039 4203 m
1066 4143 1341 4203 rectoria
1368 4144 1562 4205 castri
1588 4144 1670 4205 de
1698 4142 1961 4205 Frosine
1990 4164 2034 4205 a
2073 4144 2224 4205 Ra
2210 4145 2472 4206 inerio
2512 4164 2610 4223 ep.
2642 4144 2839 4218 Vult„

385 4240 673 4318 precepit
714 4240 1010 4302 omnibus
1037 4239 1243 4300 XXII
1273 4240 1642 4303 hominibus
1670 4243 1882 4316 castri,
1919 4243 2093 4320 quod
2120 4243 2366 4305 faciant
2395 4263 2512 4304 sua
2539 4250 2843 4322 precepta

387 4339 470 4400 ad
497 4338 671 4401 diem
700 4340 862 4400 iovis
887 4340 933 4416 ²)
978 4341 1359 4419 proximum.
1447 4342 1588 4402 Act.
1621 4341 1882 4403 Frosine
1914 4343 1978 4402 in
2010 4343 2158 4402 eccl.
2233 4341 2570 4403 Bonfiliolo
2598 4350 2841 4403 rec—tore

387 4434 533 4497 eccl.
576 4438 771 4497 castri
813 4444 880 4497 et
922 4437 1169 4499 Franco
1210 4445 1344 4500 not.
1392 4444 1467 4498 tt.

534 4650 577 4717 ¹)
616 4652 866 4702 Gleichen
909 4651 1226 4702 Wortlautee
1263 4654 1360 4703 mit
1397 4670 1449 4702 n.
1490 4656 1609 4705 933.
1661 4654 1962 4718 Verqleiche
2013 4654 2153 4705 auch
2203 4670 2257 4704 n.
2297 4655 2415 4705 934.
2581 4654 2626 4720 ¹')
2667 4658 2698 4706 2
2735 4656 2840 4705 De·

385 4741 598 4791 zembsr.
