4000 5700
1068 526 1181 579 206
1717 524 2160 579 REGESTUM
2199 523 2818 578 VOLATERRANU
2825 525 2882 577 Μ

1902 619 2134 624 ——
2243 619 2306 623 ff
2473 619 2628 624 ———
2753 620 2840 624 -ψ
2945 620 3026 624 -—-
3125 620 3396 625 2—4—
3475 620 3528 627 —.

1067 721 1204 779 628.
2689 718 2740 777 I
2718 737 2884 795 yon
2928 718 3011 779 29
3048 718 3306 779 Oklober
3344 718 3525 779 1250.

1188 816 1740 878 Innocentius
1782 813 1888 876 IV
1917 815 2122 875 electo
2143 815 2318 877 Vult.
2403 815 2729 879 Concedit
2754 822 2830 875 ut
2857 834 3162 894 personas
3181 814 3530 895 dignitates

1066 921 1135 976 et
1160 922 1545 993 personatus
1584 913 1953 974 obtinentes
1998 914 2069 974 in
2107 915 2374 974 civitate
2414 919 2483 972 et
2522 915 2688 974 dioc.
2732 913 2905 974 Vult.
2937 912 3280 974 transferre
3317 912 3533 973 valeat

1064 1018 1134 1073 et
1173 1016 1542 1092 permutare
1575 1014 1641 1089 ¹).
1751 1032 1781 1071 α
1807 1010 1969 1072 Cum
2033 1012 2262 1073 sicut».
2373 1011 2528 1072 Dat..
2599 1010 2896 1089 Lugduni
2961 1011 3103 1070 1111
3163 1011 3289 1073 kal.
3351 1031 3525 1083 now,

1067 1117 1249 1189 Pom·
1293 1109 1549 1270 VII'Iolt.
1596 1207 1838 1270 AVoec„
1884 1226 1933 1268 s.
1979 1205 2168 1266 XIII
2210 1207 2335 1267 dec.
2379 1208 2417 1267 1
2459 1228 2522 1267 n.
2568 1208 2649 1268 12
2675 1208 2845 1284 Oriq.
2881 1207 3092 1282 (Bulla
3131 1207 3444 1283 verloren).

1064 1407 1203 1467 629.
2639 1404 2812 1475 Pisa,
2858 1405 2940 1464 17
2979 1404 3304 1466 Dezember
3341 1406 3521 1466 1250.

1185 1504 1535 1568 &meilium
1577 1508 1951 1564 senatorum
1991 1504 2270 1581 petitum
2317 1524 2356 1563 a
2397 1502 2798 1564 Thomaso
2846 1502 2939 1562 de
2980 1503 3375 1580 Aquino’)
3406 1505 3527 1565 Dei

1064 1609 1134 1664 et
1172 1601 1489 1681 imperiali
1527 1603 1744 1682 gratia
1780 1603 2019 1662 comite
2059 1601 2438 1662 Acer-rarum
2480 1607 2549 1662 et
2587 1601 2742 1662 Pis.
2793 1605 3241 1680 potestate.
3323 1601 3526 1681 Paga-

1064 1699 1267 1762 nellus
1306 1701 1389 1762 de
1428 1700 1686 1761 Porcari
1728 1701 1970 1778 recepit
2012 1700 2260 1760 litteras
2286 1720 2327 1760 a
2353 1699 2677 1761 Thomaso
2702 1699 2783 1760 de
2812 1695 3173 1763 Malanocte
3198 1703 3526 1776 potestate

1064 1799 1238 1871 Luc..
1282 1799 1517 1878 quibus
1558 1819 1704 1859 eum
1750 1805 1948 1860 vocat
1987 1796 2230 1859 Lucam
2276 1800 2462 1877 eique
2501 1798 2728 1876 aperit,
2774 1797 2948 1877 quod
2991 1796 3134 1857 vult
3159 1797 3314 1858 dare
3342 1804 3524 1858 tenu-

1062 1902 1202 1959 tam
1241 1898 1324 1959 de
1365 1896 1666 1959 omnibus
1707 1897 1895 1958 bonis
1936 1897 2070 1957 suis
2095 1898 2164 1958 in
2189 1896 2384 1958 fortia
2410 1897 2565 1958 Luc.
2596 1898 2736 1958 sitis
2767 1895 3129 1957 Alexandro
3155 1902 3221 1956 et
3248 1896 3525 1957 Iohanni

1062 1995 1281 2057 Grecis
1318 2014 1668 2074 eorumque
1708 1994 2036 2065 iratribus,
2080 1996 2192 2075 qui
2231 1993 2460 2056 dicunt
2499 2014 2567 2056 se
2607 2014 2742 2055 esse
2769 1994 3031 2055 heredes
3059 1992 3384 2074 Paganelli
3411 1993 3522 2072 qd.

1062 2091 1395 2154 Ormanni.
1441 2092 1761 2154 Gerardus
1802 2091 2123 2165 Gadobbi,
2169 2092 2235 2152 in
2263 2092 2446 2154 cuius
2473 2093 2650 2153 dicto
2676 2097 2776 2152 est
2802 2111 3052 2153 summu
3080 2090 3345 2157 consilii,
3374 2110 3522 2151 con-

1061 2189 1234 2263 sulit,
1279 2196 1351 2250 ut
1398 2188 1800 2269 Paganellus,
1844 2208 2179 2268 quousque
2219 2208 2449 2267 guerra
2489 2190 2685 2250 fuerit
2727 2190 2893 2249 inter
2932 2190 3232 2249 comunia
3288 2188 3414 2249 Pis.
3455 2193 3525 2248 et

1060 2287 1238 2349 Luc..
1284 2286 1524 2347 habeat
1564 2307 1681 2367 pro
1723 2294 1870 2347 rata
1909 2288 1989 2347 de
2033 2284 2215 2347 bonis
2256 2286 2640 2347 Lucensium
2687 2289 2749 2346 in
2795 2286 2976 2359 Pisis,
3033 2292 3325 2364 tempore
3371 2304 3524 2348 vero

1058 2387 1238 2465 pacis
1277 2384 1533 2464 plenam
1578 2386 2112 2446 satisfactionem.
2158 2384 2349 2457 Quod
2388 2385 2722 2445 consilium
2765 2383 3112 2445 discretum
3149 2385 3277 2445 fuit
3303 2405 3341 2443 a
3366 2383 3521 2445 Bar·

1059 2482 1386 2544 tholomeo
1428 2482 1709 2561 Spinelli,
1739 2482 2084 2560 Leopardo
2114 2489 2270 2550 not.,
2302 2481 2605 2543 Rainerio
2633 2481 2794 2542 Mele
2821 2480 3224 2543 senatoribus
3250 2482 3319 2541 in
3344 2481 3522 2541 curia

1058 2582 1402 2659 potestatis
1446 2582 1511 2641 in
1551 2581 1748 2642 domo
1790 2580 2100 2640 Iohannis
2142 2578 2522 2659 Marignani,
2562 2577 2672 2639 ubi
2718 2581 2884 2640 fiunt
2937 2578 3203 2640 consilia
3238 2584 3518 2647 senatuS,

1056 2699 1203 2739 cum
1251 2678 1657 2738 Bonaccurso
1697 2678 1778 2739 de
1822 2676 1999 2738 Buiti
2045 2675 2441 2748 cancellariO,
2487 2675 2847 2738 Guillielmo
2901 2683 2969 2736 et
3011 2675 3368 2738 Rubertino
3407 2695 3520 2736 no·

1060 2776 1241 2835 tariis
1280 2776 1668 2837 cancellarie.
1770 2774 2052 2847 MCCLI,
2102 2777 2225 2835 ind.
2273 2774 2497 2846 VIIII,
2543 2774 2701 2835 XVI
2743 2774 2870 2834 kal.
2927 2775 3056 2835 ian.
3154 2774 3520 2852 Upethinus

1059 2872 1446 2936 Bonaccursi
1490 2874 1676 2934 Fred.
1721 2876 1875 2953 imp.
1918 2883 2052 2934 not.
2098 2893 2176 2934 ex
2220 2876 2383 2934 actis
2422 2872 2791 2934 cancellarie
2833 2873 2956 2933 Pis.

1386 2971 1538 3033 Volt.
1590 2972 1823 3032 AVesc.
1866 2992 1919 3034 ε.
1964 2971 2154 3031 XIII
2195 2972 2319 3032 dec.
2364 2971 2405 3031 6
2444 2992 2508 3032 π.
2553 2970 2593 3030 8
2633 2972 2803 3047 Oriq.

1055 3168 1193 3228 630,
2683 3167 2734 3226 I
2712 3188 2877 3245 yon
2920 3168 3002 3228 26
3039 3169 3296 3229 danuar
3334 3170 3512 3230 1251.

1178 3264 1728 3326 Innocentius
1768 3264 1877 3325 IV
1918 3265 2450 3344 archipresbitero
2492 3272 2559 3327 et
2598 3266 2883 3344 capitulo
2924 3266 3071 3327 eccl.
3114 3267 3195 3326 de
3237 3270 3364 3332 Col}-
3370 3291 3406 3327 e
3434 3268 3516 3328 ad

1056 3362 1423 3423 Romanam
1469 3362 1658 3432 Eccl„
1703 3368 1897 3441 prout
1938 3362 2198 3432 dicitur,
2243 3363 2418 3423 nullo
2463 3362 2673 3423 medio
2713 3364 3114 3442 pertinentis,
3144 3362 3321 3424 Vult.
3352 3366 3511 3425 dne-c.

1052 3454 1380 3535 Indulget,
1426 3462 1501 3516 ut
1541 3455 1609 3515 in
1650 3457 1792 3535 ipsa
1829 3462 1896 3516 et
1938 3456 2079 3517 aliis
2118 3456 2396 3517 ecclesiis
2450 3457 2541 3517 eis
2594 3455 2896 3517 subiectis
2949 3458 3036 3517 ad
3089 3460 3512 3537 receptionem

1057 3553 1154 3614 vel
1198 3554 1627 3631 provisionem
1672 3552 1936 3614 alicuius
1975 3572 2093 3631 per
2131 3551 2379 3614 litteras
2433 3574 2538 3634 ap.
2581 3554 2749 3615 sedis
2801 3563 2920 3615 aut
2969 3554 3326 3633 legatorum
3381 3557 3516 3615 eius

1052 3670 1185 3710 non
1225 3650 1532 3712 facientes
1572 3650 1655 3712 de
1708 3650 2107 3731 indulgentia
2159 3658 2227 3711 et
2281 3652 2541 3713 ecclesia
2593 3650 2984 3713 mentionem
3038 3651 3331 3730 compelli
3384 3672 3516 3714 non

1052 3749 1321 3828 possint.
1405 3748 1673 3810 «Vestre
1703 3751 2004 3810 meritis».
2090 3749 2242 3811 Dat.
2267 3750 2568 3829 Lugduni
2596 3750 2728 3811 VII
2755 3750 2880 3810 kal.
2910 3750 3060 3823 feb„
3106 3758 3283 3828 pont.
3328 3750 3511 3811 VIII.

1374 3847 1633 3907 Florem
1678 3845 1830 3907 Ast.
1878 3847 2094 3922 (Colle)
2137 3848 2309 3926 Oriq.
2361 3848 2570 3922 (Bulla
2608 3849 2894 3923 verloren,
2939 3848 3108 3909 nicht
3152 3848 3514 3926 zuqehoriqe

1378 3944 1875 4020 Seiffenschnur).
1967 3944 2140 4006 Colle
2183 3945 2426 4007 AVesc.
2473 3945 2608 4007 Atti
2649 3946 3178 4024 deu'Arcipretato
3218 3946 3314 4008 24·
3357 3947 3509 4026 Cop.

1372 4063 1422 4103 s.
1468 4042 1740 4104 XVIII.

1053 4237 1190 4298 631.
2454 4237 2848 4302 Pomarance.
2895 4240 2976 4306 16
3014 4240 3291 4300 Februar
3329 4239 3507 4300 1251.

1173 4335 1414 4408 MCCL,
1459 4334 1591 4395 ind.
1638 4333 1821 4404 VIII,
1872 4334 2077 4395 XIIII
2125 4335 2243 4394 kal.
2280 4343 2462 4394 mart.
2549 4336 2890 4397 Bertaldus
2916 4343 2981 4397 et
3009 4335 3374 4398 Gualterius
3400 4336 3510 4396 filii

1054 4431 1158 4511 qd.
1203 4432 1371 4510 Lupi
1413 4433 1493 4492 de
1538 4432 1859 4493 Macereto
1904 4432 2264 4492 Ranerio
2307 4432 2481 4492 Vult.
2528 4433 2731 4493 electo
2773 4433 3150 4495 fidelitatem
3195 4435 3509 4507 iuramus;

1197 4647 1242 4712 ¹)
1289 4647 1588 4710 Verqleiehe
1626 4648 1841 4697 abendo.
1991 4650 2034 4710 ⁴)
2077 4649 2277 4697 Trunci
2321 4651 2420 4699 199
2465 4656 2632 4697 nenne
2671 4650 2769 4698 ihu
2808 4625 3107 4699 irrtstmlich
3139 4649 3314 4700 Conte
3346 4651 3510 4699 Tom-

1052 4751 1210 4786 maso
1246 4736 1395 4784 della
1435 4735 1656 4786 Cornia.
