4000 5700
1056 510 1500 567 REGESTUM
1536 511 2226 569 VOLATERRANUM
2796 516 2878 576 99.

406 705 546 769 286.
2009 709 2271 781 Viterbm
2314 709 2355 770 2
2394 708 2647 770 Oktober
2687 711 2865 774 1207.

527 805 1076 866 Innocentius
1118 803 1249 865 III
1295 805 1495 865 Marie
1522 804 1846 867 abbatisse
1874 825 2043 866 mon.
2088 826 2135 866 s,
2160 805 2359 869 Marie
2397 807 2865 887 Capriliensis¹)

406 908 474 962 et
496 899 906 963 sororibusin
926 908 1327 980 perpetuum.
1411 901 1872 963 Monasterium
1904 903 1989 965 ad
2009 904 2337 983 exemplar
2351 904 2620 985 Eugenii
2640 904 2796 982 (ΙΙΙ)
2821 909 2867 983 8)

408 997 529 1061 sub
571 1018 615 1059 s.
663 999 839 1059 Petri
878 1001 1278 1079 protectione
1317 1001 1587 1078 suscipit
1642 1006 1709 1060 et
1767 1000 1935 1061 bona
1989 1003 2350 1064 confirmat.
2447 1022 2475 1062 ιι
2496 1002 2607 1063 Pie
2647 1010 2868 1081 postu-

410 1096 570 1161 latio
588 1117 632 1158 ν.
721 1097 873 1158 Dat.
925 1096 1196 1158 Viterbii
1238 1116 1351 1175 per
1391 1117 1657 1159 manum
1714 1099 2020 1160 Iohannis
2073 1119 2122 1159 s.
2166 1099 2369 1162 Marie
2424 1101 2491 1162 in
2543 1100 2869 1162 Cosmidin

408 1195 572 1257 diac.
596 1197 767 1256 card.
785 1195 848 1257 S.
868 1195 948 1258 R.
968 1196 1038 1256 E.
1059 1193 1435 1266 cancellarii,
1453 1196 1547 1257 VI
1577 1215 1722 1256 non.
1749 1204 1897 1269 oct„
1928 1197 2057 1257 ind.
2089 1197 2211 1270 XI,
2235 1198 2556 1272 MCCVII,
2580 1204 2757 1277 pont.
2784 1198 2866 1259 X.

734 1293 868 1353 San
927 1292 1309 1370 Gimiqnano
1363 1292 1595 1354 Aeom.
1641 1293 1824 1355 Liber
1877 1292 2133 1355 blancus
2195 1297 2273 1356 44
2328 1295 2479 1373 Cop.
2531 1316 2648 1357 von
2709 1296 2873 1358 1230

736 1390 929 1468 (Oriy.
954 1390 1111 1451 haue
1132 1390 1319 1452 Bulla
1339 1410 1425 1453 an
1444 1390 1730 1469 rotqelber
1756 1391 2254 1470 Seidemchnur).
2336 1393 2454 1455 Ed.
2480 1393 2549 1455 G.
2570 1393 2872 1456 Sat-chetti

736 1487 1042 1549 Memoris
1096 1487 1703 1565 perlavitadiS.
1746 1489 2876 1568 Βενεααῦὸαάεεεαερενῑαείονία

734 1585 896 1646 della
949 1586 1123 1663 pieve
1166 1604 1196 1645 e
1238 1583 1339 1646 del
1392 1591 1735 1647 monastero
1789 1583 1856 1646 di
1897 1585 2218 1664 Oavrquia
2277 1586 2498 1663 (Siena
2537 1586 2723 1664 1804)
2768 1586 2870 1648 68.

408 1781 553 1842 287.
1870 1781 1949 1840 M
1950 1781 2297 1856 altraverso
2341 1783 2419 1844 21
2462 1782 2571 1841 M
2542 1801 2649 1843 ατε
2687 1781 2865 1844 1208.

534 1879 853 1950 MCCVII,
900 1878 1036 1940 XII
1078 1876 1205 1937 kal.
1250 1898 1407 1956 apr„
1452 1880 1586 1944 ind.
1632 1879 1750 1940 XI.
1832 1880 1942 1940 Lis
1982 1880 2159 1940 inter
2196 1898 2467 1941 comune
2507 1880 2588 1941 de
2648 1880 2877 1942 Colle

406 1985 481 2040 et
504 1976 920 2056 Paganellum
943 1976 1202 2038 Sovarzi
1222 1978 1291 2053 8,)
1310 1976 1682 2048 Sovarzum‚
1701 1976 2210 2055 Gualteroctum,
2227 1978 2513 2051 Comum,
2531 1976 2873 2039 Forensem

412 2076 459 2137 f.
503 2093 654 2135 suos
694 2093 811 2153 pro
852 2073 1029 2135 facto
1072 2074 1152 2134 de
1195 2071 1494 2136 Paurano
1535 2074 1719 2136 nobis
1761 2073 2079 2136 Guidotto
2120 2073 2417 2146 Lutterii‚
2478 2074 2874 2136 Bernardino

413 2170 646 2236 Ianelli
683 2172 845 2233 data
883 2179 982 2232 est
1022 2171 1291 2232 arbitrio
1320 2172 1743 2233 terminanda.
1776 2173 1873 2233 De
1899 2190 2213 2233 consensu
2241 2171 2536 2233 Morandi
2563 2179 2631 2233 et
2658 2171 2874 2233 Sosta-

415 2270 608 2332 nallie
648 2268 984 2331 consulum
1027 2269 1107 2329 de
1147 2267 1319 2330 Colle
1360 2288 1477 2347 pro
1520 2269 1871 2348 Ripertello
1899 2270 2070 2330 socio
2097 2274 2164 2330 et
2193 2268 2426 2341 Soarzi,
2460 2266 2875 2341 Gualterotti,

412 2367 595 2431 Corsi
634 2387 751 2448 pro
791 2365 1137 2447 Paganello
1179 2373 1246 2428 et
1288 2368 1563 2429 Forense
1605 2367 2011 2440 arbitramur,
2058 2373 2133 2428 ut
2173 2375 2391 2446 partes
2443 2368 2526 2429 de
2578 2365 2880 2448 dampnis

418 2467 685 2528 ulterius
724 2485 861 2527 non
898 2463 1185 2546 litigent;
1230 2467 1404 2544 prior
1445 2465 1672 2528 Petrus
1714 2466 1794 2527 de
1837 2466 2135 2528 Paurano
2175 2471 2539 2529 revertatur
2582 2468 2664 2529 ad
2691 2486 2878 2528 suam

415 2565 816 2636 canonicam3
862 2562 1243 2644 Paganellus
1284 2568 1352 2626 et
1392 2563 1506 2624 filii
1545 2570 1958 2625 revertantur
1997 2565 2370 2626 Pauranum
2424 2567 2561 2626 sine
2616 2570 2877 2628 conten·

418 2665 596 2725 tione
622 2661 960 2725 hominum
987 2661 1069 2722 de
1096 2660 1301 2734 Colle3
1333 2662 1387 2723 si
1412 2668 1751 2723 uterentur
1779 2661 1962 2722 bonis
1990 2661 2139 2725 ecel.
2171 2663 2252 2724 de
2281 2663 2577 2725 Paurano
2611 2670 2680 2723 et
2708 2664 2881 2740 prior

417 2766 919 2839 conquereretur
958 2757 1326 2820 consulibus
1367 2759 1468 2819 vel
1511 2760 1774 2820 domino
1817 2758 1921 2820 vel
1946 2795 2030 2806 —
2053 2762 2105 2820 si
2133 2759 2202 2821 hi
2243 2780 2369 2823 non
2413 2767 2626 2821 essent
2666 2759 2758 2822 ibi
2798 2796 2883 2806 —

424 2857 776 2922 rectoribus
817 2858 1205 2919 societatum
1245 2857 1328 2918 de
1366 2856 1559 2930 Colle,
1601 2877 1732 2919 non
1772 2858 2053 2919 debeant
2095 2860 2186 2919 eis
2229 2858 2343 2931 uti,
2389 2860 2509 2920 nisi
2551 2859 2727 2937 prius
2775 2879 2877 2921 co÷

417 2963 767 3038 gnoscatur
797 2975 837 3015 a
862 2954 1146 3034 Rugerio
1167 2954 1426 3016 Viviani
1452 2975 1567 3035 pro
1596 2974 1866 3017 comune
1887 2962 1955 3017 et
1977 2955 2164 3017 Bista
2184 2957 2289 3035 qd.
2316 2956 2578 3019 Ranerii
2600 2975 2716 3035 pro
2736 2956 2883 3017 filiis

422 3052 760 3136 paganelli.
825 3052 1118 3114 Teneant
1172 3052 1256 3112 ad
1311 3050 1587 3113 invicem
1642 3071 1887 3131 pacem,
1946 3054 2059 3116 filii
2117 3053 2442 3133 Paganelli
2495 3054 2881 3116 nominatim

419 3153 615 3215 Petro
654 3152 847 3229 priori
888 3150 971 3219 ,de
1014 3149 1315 3211 Paurano
1330 3171 1346 3223 ;
1392 3168 1536 3229 pen.
1581 3151 1645 3212 C.
1676 3148 1783 3212 lib.
1827 3151 1969 3213 den.
2017 3158 2234 3213 nostre
2260 3152 2571 3213 currentis
2601 3156 2879 3212 monete.

417 3253 567 3313 Act.
609 3250 787 3329 apud
812 3248 1305 3310 Multi-aversum
1337 3246 1524 3310 iuxta
1547 3249 1787 3311 flumen
1811 3250 1976 3310 Else.
2067 3249 2268 3311 Parisi
2287 3256 2354 3310 et
2375 3248 2708 3310 Albertino
2731 3269 2880 3311 con-

416 3347 665 3411 sulibus
704 3347 786 3408 de
828 3344 1268 3407 Podiobonizi.
1314 3344 1668 3408 Sesmondo
1709 3345 2076 3408 Guidalotti
2116 3348 2197 3407 de
2243 3345 2431 3407 Colle.
2476 3346 2725 3408 Bondje
2766 3347 2872 3426 qd.

414 3447 721 3511 Caeciati.
761 3442 1211 3506 Ildibrandino
1251 3445 1356 3521 qd.
1404 3443 1744 3506 Ricciardi.
1773 3444 2220 3508 Bramanzone
2248 3444 2352 3523 qd.
2383 3444 2712 3508 Tancredi.
2746 3444 2878 3505 Ru-

415 3544 711 3607 stichello
752 3543 947 3603 Petri.
993 3542 1254 3603 Andrea
1281 3541 1617 3603 Rumachi.
1648 3541 1886 3604 Iacobo
1916 3544 2022 3621 qd.
2056 3541 2339 3604 Orlandi.
2369 3542 2733 3604 Martinello
2760 3541 2879 3602 Be·

423 3644 699 3714 nincase,
745 3639 885 3701 aliis
929 3647 1004 3702 tt.
1623 3674 1628 3679 -

1708 3736 1879 3800 Colle
1925 3738 2052 3801 Vaz
2091 3737 2329 3811 d'E'lea,
2372 3737 2454 3798 19
2493 3738 2662 3798 Jum'
2702 3735 2880 3799 1208.

547 3834 935 3916 Ripertellus
977 3834 1197 3897 consul
1226 3842 1293 3895 et
1323 3835 1415 3897 VI
1444 3835 1784 3897 consiliarii
1813 3837 2007 3898 castri
2032 3836 2115 3898 de
2155 3835 2380 3897 Colle
2407 3842 2881 3898 consenserunt.

424 3941 572 4000 Act.
614 3934 788 3999 Colle
828 3936 895 3996 in
935 3933 1182 4013 palat-io
1223 3933 1543 3995 Guidotti.
1627 3932 1913 3996 Berardo
1954 3935 2059 4013 qd.
2103 3933 2458 3996 Berardini.
2485 3932 2884 3996 Bernardino

427 4032 818 4097 Ranuccioli.
865 4031 1027 4093 Pero
1067 4035 1145 4091 tt.
1191 4028 1548 4101 MCCVIIL
1594 4030 1766 4091 XIII
1794 4029 1917 4090 kal.
1950 4029 2078 4103 iul„
2115 4032 2244 4092 ind.
2290 4030 2486 4092 dicta.
2570 4028 2883 4091 Bonfilius

422 4134 636 4196 scriba
675 4128 971 4211 publicus
1011 4134 1079 4189 et
1120 4135 1252 4189 not.

748 4228 914 4291 Colle
939 4227 1172 4290 AOom.
1198 4227 1716 4289 Instrumentario
1743 4228 1782 4289 I
1807 4229 1851 4305 s.
1883 4225 1982 4289 22‘
2013 4226 2164 4305 Gop.
2194 4248 2241 4289 8.
2274 4226 2464 4288 XIII
2492 4227 2645 4288 med.
2692 4234 2698 4241 ’
2730 4226 2880 4304 Ray.

751 4328 968 4389 bisini
1009 4326 1151 4388 205.

575 4556 619 4620 ¹)
656 4556 934 4618 Οσυήρὶἰα
968 4555 1035 4606 in
1070 4554 1224 4604 Com
1258 4554 1323 4605 in
1355 4552 1449 4603 der
1481 4553 1706 4603 Didae-se
1740 4566 1844 4601 von
1879 4552 2106 4611 Fieoole,
2139 4551 2599 4603 Vallombroeamr
2624 4549 2882 4600 Nonum·

430 4642 633 4694 Hoetu.
782 4644 825 4706 ²)
862 4642 1024 4693 Disce
1067 4640 1420 4692 Vos-urbanae
1456 4640 1528 4691 ist
1563 4641 1809 4692 veo-form.
1921 4639 1965 4703 ³)
2004 4640 2112 4690 Die
2137 4639 2358 4691 Sovarzi
2381 4646 2641 4689 stammon
2666 4652 2768 4688 σιω
2795 4638 2887 4690 der

428 4731 645 4795 Geqend
678 4746 776 4782 um
798 4731 900 4781 den
926 4730 1117 4781 Monte
1142 4730 1374 4794 Maqqio
1397 4730 1640 4781 nordlich
1664 4745 1766 4780 von
1791 4729 1982 4780 Sinna:
2010 4729 2326 4789 Davidoohn
2363 4726 2662 4778 Guchichte
2686 4727 2723 4775 I
2761 4730 2884 4780 457.
