4000 5700
1515 545 1653 582 81:01
1660 546 1806 582 8⁶1*ss

977 625 1028 629 ‘—
1091 626 1100 629 v
1493 626 1512 629 —
1565 626 1578 629 -
1607 624 1638 631 -

436 742 483 777 s.
526 723 750 778 Mariae
785 724 857 779 de
881 723 1090 781 ,Oeneo
1127 725 1367 779 abbatia
1402 726 1526 779 241.

436 843 502 851 —-
542 820 668 867 ets.
695 811 963 883 Sepulcri
989 831 1145 867 mon.
1166 814 1229 866 in
1255 813 1445 868 Fonte
1467 812 1608 868 Pin-

507 901 686 959 tiaris.
718 901 940 971 (Elmo)
980 902 1100 955 128.
1128 902 1248 956 129.
1295 903 1417 961 144:
1456 903 1610 958 siche

505 988 941 1060 Puliccianum‚
980 990 1241 1045 Elmnm.

437 1111 502 1118 —
540 1078 808 1149 cappella
845 1079 910 1133 in
946 1078 1135 1149 burgo
1173 1079 1350 1134 Eleae
1374 1080 1456 1149 (S.
1479 1081 1607 1135 Μα-

509 1171 602 1221 νὶα
627 1171 695 1221 in
723 1167 1021 1223 Canonica
1047 1173 1112 1222 in
1143 1169 1316 1237 Colle)
1348 1170 1466 1222 152.
1488 1168 1608 1223 153.

511 1256 627 1310 156.
669 1256 792 1326 161;
819 1261 1013 1311 rector
1037 1263 1099 1311 et
1119 1274 1283 1328 capp.
1302 1256 1428 1327 3683
1457 1259 1610 1313 siche

505 1347 658 1400 anch
698 1344 899 1401 Gonia.

438 1466 502 1474 —
542 1442 605 1489 et
640 1434 765 1489 Ioh.
803 1435 971 1506 plebs
1007 1435 1387 1506 baptismalis
1412 1436 1475 1490 in
1502 1436 1608 1490 Fa-

507 1524 668 1578 brica
704 1525 967 1591 <Er-aial)
1007 1525 1125 1579 110.
1166 1527 1283 1578 151.

438 1646 502 1654 -
544 1630 698 1667 mon.
717 1613 792 1668 de
828 1613 981 1670 Flor.
1011 1615 1232 1682 (Radia
1252 1616 1318 1668 di
1344 1617 1606 1675 Fir-em)

507 1702 627 1756 345.
667 1701 788 1756 347.
827 1703 948 1757 440.
988 1701 1109 1757 777.

439 1823 494 1830 -
544 1791 733 1846 maior
768 1792 908 1847 eccl.
945 1791 1099 1847 Flor.
1149 1791 1272 1847 324.
1291 1793 1414 1847 696.
1451 1792 1573 1847 976.

439 1912 502 1919 -
543 1880 813 1936 novellae
850 1881 1139 1951 plebanus
1174 1881 1332 1935 Flor.
1374 1881 1499 1935 919.
1591 1924 1596 1929 .

440 1999 503 2006 -
543 1969 685 2023 eccl.
729 1969 792 2022 in
831 1967 1111 2023 Griciano
1148 1970 1274 2024 211.

439 2089 502 2096 ——
543 2057 685 2111 eccl.
730 2061 818 2117 (in
862 2059 1050 2112 Lacca
1076 2059 1162 2112 bei
1188 2060 1370 2113 Porta
1393 2074 1442 2113 ε.
1472 2059 1608 2113 Ger-

501 2151 687 2211 .va⁸i0.‚
719 2149 866 2215 jem
903 2146 962 2201 S.
1009 2148 1210 2201 Maria
1247 2163 1277 2201 e
1301 2148 1361 2201 S.
1397 2148 1608 2201 Ger-va-

465 2284 470 2289 ,
505 2237 613 2301 sio)
652 2234 741 2288 99.

441 2355 503 2362 -
543 2323 711 2393 plebs
749 2323 810 2376 in
849 2323 1308 2394 Magrungnano
1349 2324 1439 2379 48.

441 2443 502 2451 -
543 2412 683 2466 eccl.
720 2411 792 2465 de
829 2412 1117 2467 Menzano
1154 2412 1280 2467 382.

435 2530 508 2541 —
543 2501 685 2555 eccl.
725 2500 798 2554 de
834 2499 1253 2556 Montefosculi
1291 2503 1416 2556 940.

439 2622 502 2629 —
543 2590 684 2647 eccl.
726 2588 799 2644 de
836 2590 1314 2645 Montescudario
1349 2592 1476 2645 208.

439 2710 502 2717 —
543 2684 605 2732 et
642 2697 690 2732 e.
720 2678 1031 2739 Benedicti
1058 2697 1216 2734 mon.
1248 2679 1311 2734 in
1337 2681 1613 2735 Mox-rona

507 2782 559 2821 ο.
591 2766 753 2822 Cam.
786 2754 1088 2835 (Camald.
1126 2799 1143 2809 ·
1185 2769 1347 2824 Abtei
1385 2769 1609 2824 Mor-ro-

509 2859 611 2925 na)
655 2857 774 2910 140.
820 2856 940 2910 143.
987 2858 1106 2911 144.
1154 2859 1272 2912 151.
1318 2859 1440 2913 159.
1485 2858 1605 2912 162.

513 2947 631 3000 166.
672 2946 797 3000 249.
836 2945 962 3000 487.
1005 2946 1130 3000 665.
1172 2947 1296 3001 669.
1339 2947 1464 3001 995.

439 3067 504 3074 -
542 3035 683 3090 eccl.
727 3035 798 3089 de
833 3034 1060 3089 Padule
1097 3036 1186 3089 96.

437 3156 503 3163 -
542 3124 684 3178 eccl.
727 3124 790 3177 in
828 3123 1060 3178 Passile
1102 3126 1494 3192 (verscholleu,
1525 3127 1611 3180 bet

512 3213 947 3278 Guardistallo)
989 3213 1111 3267 132.

435 3331 507 3341 —-
543 3301 684 3356 eccl.
727 3301 798 3356 de
835 3301 1098 3356 Petriolo
1140 3303 1260 3357 ΠΒ.

437 3421 502 3429 --
541 3390 730 3443 maior
778 3390 919 3444 eccl.
962 3390 1085 3444 Pis.
1139 3390 1264 3445 378.
1312 3392 1438 3446 400.
1482 3392 1605 3445 641.

441 3599 502 3606 —-
542 3566 783 3623 abbatia
818 3568 940 3622 nita
963 3567 1283 3623 Puliciano
1309 3567 1468 3623 infra
1490 3570 1609 3640 ple·

507 3655 638 3709 bem
677 3655 749 3710 de
786 3655 1016 3712 Cellule
1055 3658 1276 3726 (Elmo)
1319 3658 1439 3712 144.

435 3775 508 3785 —
542 3744 683 3799 eccl.
728 3744 791 3798 in
828 3745 1177 3800 Pulverario
1213 3747 1301 3800 96.
1344 3747 1469 3800 201.

443 3865 501 3872 —-
542 3832 614 3888 de
651 3832 805 3888 Rivo
843 3835 1050 3904 cur-tie,
1092 3834 1319 3905 capella
1343 3835 1408 3889 in
1434 3836 1609 3890 comi-

506 3927 637 3975 tatu
667 3922 877 3992 Popul.
911 3923 1300 3991 (unbekannt)
1333 3923 1455 3978 107.
1479 3923 1605 3979 207.

435 4027 508 4072 -q-
542 4010 683 4064 eccl.
724 4010 796 4065 de
836 4009 990 4065 Sena
1030 4011 1149 4065 191.

439 4130 502 4137 —
543 4115 700 4153 mon.
732 4098 802 4153 de
841 4099 1060 4154 Serena
1083 4100 1172 4154 96.
1205 4101 1457 4155 196·201.
1479 4100 1604 4155 231.

445 4218 501 4226 -
543 4187 685 4241 eccl.
729 4187 790 4240 in
832 4187 1058 4242 Solario
1095 4189 1184 4243 96.

435 4305 506 4317 --
542 4276 808 4346 cappella
877 4277 950 4331 de
1025 4277 1296 4348 Spunge,
1367 4279 1613 4350 Spugna

451 4419 457 4426 ,
508 4363 592 4430 (S.
641 4365 842 4418 Maria
891 4366 957 4420 de·
1007 4365 1252 4436 Spuqua
1303 4369 1388 4422 bei
1431 4369 1607 4435 Colle)

507 4451 628 4506 103.
673 4453 795 4507 104.
842 4455 961 4507 152.
1007 4454 1127 4509 153.
1173 4457 1295 4510 156.
1344 4457 1462 4509 161.

433 4558 506 4582 -ι-
540 4540 709 4611 plebs
752 4541 872 4595 sita
909 4541 1227 4597 Sursciano
1279 4549 1499 4614 (water
1547 4546 1605 4599 S.

327 4639 338 4650 “
447 4642 454 4648 ·
511 4630 832 4698 Giovanni)
860 4631 949 4684 58.

429 4748 504 4761 -
539 4719 681 4774 eccl.
724 4719 796 4774 de
833 4719 1081 4774 'Pellena
1115 4685 1239 4778 653.

2788 533 2899 582 337·

1719 744 1766 780 s.
1819 725 2044 781 Mariae
2099 726 2241 780 eccl.
2309 724 2670 780 cathedralis
2722 726 2891 781 Vult.

1781 818 2034 883 passim,
2076 815 2230 868 siche
2264 816 2419 883 auch
2458 813 2789 871 Vulterrae.

1715 932 1789 951 -ψ
1823 903 1990 958 Vult.
2033 920 2191 959 mou.
2220 903 2343 958 ord.
2374 921 2422 957 s,
2454 903 2733 961 Damiani
2765 903 2893 959 674.

1718 1022 1786 1032 -
1822 994 1975 1047 ciehe
2010 994 2165 1047 auch
2203 991 2423 1046 Sancta
2459 992 2666 1046 Maria.

1717 1111 1789 1122 —
1822 1082 1975 1135 siche
2010 1083 2165 1135 auch
2206 1080 2576 1151 Sepulcrum.

1719 1200 1791 1210 —
1826 1169 1982 1223 silva
2022 1170 2132 1237 (bei
2173 1170 2454 1235 Montoee)
2490 1170 2581 1222 63.

1721 1290 1784 1297 -
1830 1257 2222 1327 Magdalenae
2259 1258 2402 1311 eccl.
2444 1258 2516 1311 de
2566 1258 2903 1313 Franciano
2998 1288 3001 1295 ·

1718 1453 1767 1489 e.
1820 1435 2077 1489 Mariani
2124 1435 2293 1506 villa,
2346 1435 2489 1490 eccl.
2544 1435 2609 1489 in
2659 1434 2900 1491 Cen-eto

1792 1524 1936 1593 (San
1993 1525 2276 1578 Mariano
2328 1526 2434 1579 ναὶ
2480 1525 2716 1591 (ἰἙὶεα)
2767 1523 2894 1579 208.

1788 1612 1913 1667 218.

1717 1732 1790 1743 —
1828 1702 2042 1771 (Vult.)
2083 1702 2242 1772 prior
2277 1701 2403 1757 301.

1720 1790 2027 1845 Marianus
2065 1791 2107 1845 f.
2153 1790 2248 1861 qd.
2281 1789 2590 1845 Panfoliae
2629 1791 2750 1845 160.

1720 1878 2143 1950 Marignanum
2186 1880 2296 1947 (bei
2321 1879 2447 1933 San
2474 1879 2752 1945 Miniato)
2769 1879 2895 1933 104.

1718 1966 2113 2037 Marignanus
2132 1972 2254 2039 pot.
2279 1967 2470 2036 Vult.‚
2488 1966 2560 2022 de
2573 1966 2902 2037 Toeinghic

1788 2055 1950 2111 Flor.
1991 2055 2117 2110 657.
2160 2056 2284 2110 693.

1717 2145 1989 2199 Marinus
2027 2144 2219 2215 presb.
2263 2150 2455 2200 rector
2485 2145 2627 2200 eccl.
2657 2144 2729 2199 de
2754 2145 2901 2200 Vec-

1790 2233 2047 2288 chienna
2082 2233 2208 2291 824.

1720 2322 2053 2377 Mariscotti
2089 2325 2243 2377 siche
2280 2322 2459 2377 Siena
2494 2323 2619 2376 640.

1719 2410 2043 2479 Maritima,
2085 2410 2410 2465 Max-emma
2445 2411 2570 2465 616.
2599 2410 2726 2465 823.
2766 2409 2898 2464 835.

1718 2498 1974 2568 Martha,
2041 2499 2377 2570 castellum,
2443 2499 2754 2554 castellare
2824 2498 2900 2553 de

1793 2588 2025 2655 (Marta
2060 2604 2164 2642 am
2204 2588 2591 2656 Bolsenersee)
2638 2587 2727 2640 96.
2767 2587 2896 2641 201.

1717 2765 1899 2819 Marti
1940 2766 2153 2833 (Marti
2190 2766 2276 2820 bei
2316 2765 2641 2819 Pontedera
2679 2768 2764 2819 im
2791 2766 2900 2819 Ar-

1793 2856 1978 2923 notal)
2021 2853 2147 2908 435.

1720 2962 1767 2997 s.
1798 2943 2099 2998 Martialis
2126 2944 2393 3015 cappella
2418 2943 2482 2997 in
2508 2943 2697 3012 burgo
2722 2943 2899 2997 Eleae

1795 3035 1875 3102 (S.
1920 3034 2211 3088 ilsarziale
2258 3034 2537 3092 wischen
2579 3033 2732 3086 Folle
2768 3033 2903 3087 und

1796 3123 1964 3189 Onci)
2009 3123 2132 3175 152.
2177 3121 2299 3176 153.
2343 3123 2465 3176 156.
2511 3123 2632 3175 161.

1720 3210 1997 3279 Mai-tine,
2029 3210 2084 3264 le
2116 3213 2253 3278 (Ort
2287 3210 2560 3278 aufdem
2582 3212 2762 3280 Ber-90
2786 3225 2899 3264 von

1793 3301 2099 3366 Montieri)
2139 3300 2265 3353 295.
2306 3299 2431 3354 297.
2473 3299 2598 3355 334.
2641 3300 2764 3353 666.

1720 3407 1766 3442 e.
1822 3388 2069 3446 Martini
2123 3388 2197 3442 de
2249 3388 2678 3458 Gnatholungo
2727 3388 2894 3458 eccl„

1789 3477 2089 3548 hospitale
2126 3477 2251 3531 Pis.
2292 3477 2419 3532 433.
2460 3477 2584 3532 723.
2615 3476 2738 3531 733.
2765 3477 2895 3531 899.

1721 3599 1782 3607 -
1824 3567 1897 3622 de
1935 3567 2311 3636 Gangalandi
2353 3567 2514 3638 prior
2538 3566 2662 3621 749.

1715 3687 1788 3697 -
1825 3656 1968 3711 eccl.
2011 3674 2047 3710 a
2086 3655 2254 3710 Sorbi
2298 3658 2418 3709 121.

1718 3775 1788 3785 —
1827 3744 1969 3800 eccl.
2012 3744 2179 3798 Vult.
2223 3744 2347 3799 571.

1718 3863 1789 3873 -
1823 3835 1976 3888 siche
2014 3835 2167 3887 auch
2207 3851 2256 3887 s·
2296 3833 2514 3886 Iacobi.

1716 3951 1789 3963 —
1825 3921 2049 3978 festum
2086 3923 2176 3975 21.
2217 3921 2342 3976 228.

1719 4031 1767 4065 s,
1797 4010 2097 4068 Martinus
2122 4012 2369 4072 (Patron
2394 4027 2505 4064 von
2530 4013 2745 4081 bucca)
2767 4011 2895 4065 965.

1718 4100 2019 4161 Martinus
2054 4100 2140 4155 IV
2173 4099 2299 4154 880.
2339 4099 2464 4153 881.
2507 4101 2632 4153 915.
2673 4101 2798 4155 919.

1718 4219 1789 4229 -
1825 4206 1916 4258 ορ.
1947 4189 2112 4242 Aret.
2142 4187 2267 4242 319.
2296 4187 2421 4242 320.
2452 4187 2577 4241 323.
2618 4189 2745 4242 328.
2766 4187 2901 4241 340-

1719 4397 1790 4406 -
1827 4383 1983 4436 mag.
1995 4407 2010 4436 ,
2027 4366 2747 4436 preposituffParmensi8‚
2766 4383 2899 4437 cap-

1791 4456 2066 4526 pellanus
2103 4455 2441 4510 Innocentii
2479 4455 2564 4516 IV
2602 4455 2727 4510 636.

1721 4577 1787 4586 -
1826 4545 2146 4600 archidiac.
2202 4544 2339 4599 Sen.
2398 4544 2524 4598 430.
2582 4544 2709 4599 431.
2766 4544 2894 4600 433.

1789 4635 1914 4689 434.
1955 4634 2082 4691 438.
2146 4635 2314 4702 (456);
2374 4634 2905 4690 vicecancellarius

1791 4740 1974 4794 papae
2013 4721 2138 4775 407.
2178 4723 2302 4775 429.
2345 4723 2470 4776 465.
2650 4748 2655 4752 ·
