4000 5700
1112 491 1181 544 58
1756 489 2201 546 REGESTUM
2239 490 2858 545 VOLATERRANU
2862 490 2924 544 M

1115 687 1248 750 104.
2743 685 3343 759 Trawle‚1?⁷ebruar
3381 687 3562 749 1135.

1231 781 1910 855 MCXXX1111‚feb.,
1955 782 2328 846 ind.X111.
2427 782 2947 860 Rainerius¹)
3005 784 3113 862 qui
3155 784 3568 848 Pannocchia

1111 898 1249 942 voc.
1293 879 1403 958 qd.
1447 877 1710 959 Ugolini
1748 880 2115 944 Pannochie
2157 888 2227 942 et
2266 881 2491 944 Sibilia
2528 881 2574 942 f.
2613 879 2851 943 Fralmi
2892 881 3144 963 iugalis
3170 883 3569 965 interrogata

1109 996 1150 1037 a
1170 976 1380 1056 sigizo
1406 976 1636 1051 iudice,
1658 977 1997 1040 vendimus
2025 976 2374 1040 Gualfredo
2400 977 2483 1039 de
2503 978 2746 1042 Serena
2771 979 2911 1039 vice
2955 978 3142 1040 Cres
3158 998 3191 1039 c
3207 1000 3242 1041 e
3258 981 3420 1048 ntii
3460 1001 3559 1062 ep.

1109 1073 1342 1151 (Vult.)
1385 1079 1623 1138 terram
1663 1076 1849 1138 iuxta
1879 1081 2164 1138 castrum
2193 1076 2510 1148 Montieri,
2542 1075 2735 1138 fines:
2780 1076 3096 1139 fossatum
3124 1078 3303 1158 quod.
3329 1078 3559 1142 Dome-

1107 1191 1341 1238 zanum
1377 1192 1539 1247 voc„
1566 1173 1884 1236 fossatum
1925 1173 2008 1234 de
2043 1174 2366 1254 Mignona‚
2412 1174 2753 1238 summitas
2795 1177 3034 1238 montis
3061 1175 3378 1249 Monterii,
3421 1195 3559 1254 pre·

1110 1270 1274 1331 tium
1314 1268 1450 1332 XX
1492 1269 1597 1331 lib.
1642 1270 1785 1331 den.
1831 1272 2009 1344 Luc.;
2050 1290 2193 1349 pen.
2240 1272 2294 1333 L
2333 1269 2440 1333 lib.
2489 1291 2614 1350 arg.
2719 1271 2864 1336 Act.
2909 1272 2976 1333 in
3023 1274 3338 1334 comitatu
3379 1273 3556 1336 Vult.

1106 1368 1173 1430 in
1213 1367 1477 1429 castello
1516 1368 1597 1429 de
1639 1367 1928 1432 Travale.
2014 1369 2076 1432 S.
2109 1388 2193 1429 m,
2225 1368 2510 1432 Rainerii
2544 1375 2613 1430 et
2638 1368 2874 1430 Sibilie.
2917 1368 3275 1434 Ildibrandi
3317 1370 3363 1431 f.
3407 1369 3559 1434 Cur-

1104 1465 1263 1526 radi.
1311 1465 1614 1527 Rainaldi
1653 1465 1698 1528 f.
1742 1465 2074 1530 Iohanelli.
2120 1466 2464 1528 Albericuli
2504 1466 2585 1527 de
2637 1467 2776 1529 Ilci.
2834 1468 3116 1547 Gregorii
3178 1467 3259 1530 de
3320 1468 3565 1531 Sancto

1104 1563 1480 1625 Ieminiano.
1527 1563 1831 1628 Rainaldi
1870 1564 1950 1627 de
1990 1564 2328 1627 MonteriO.
2374 1564 2686 1630 Gualterii
2727 1571 2808 1628 tt.
2894 1565 3148 1652 Branca
3186 1570 3322 1626 not.

1434 1662 1591 1724 Volt.
1617 1662 1856 1724 AVesc.
1886 1681 1937 1723 8.
1967 1661 2117 1723 XII
2158 1661 2280 1724 dec.
2313 1663 2352 1726 4
2378 1682 2444 1724 n.
2480 1664 2518 1725 7
2558 1662 2729 1740 Oriq.
2759 1661 2940 1725 Liber
2961 1663 3202 1725 iterium
3234 1662 3316 1723 18
3354 1664 3454 1725 cit.

1109 1859 1242 1918 165.
2639 1856 2918 1930 Travale,
2961 1857 3042 1919 22
3079 1857 3335 1918 «Ianuar
3373 1855 3556 1918 1139.

1225 1952 1673 2017 Rainerius
1727 1974 1938 2016 comes
1983 1957 2090 2036 qui
2132 1955 2530 2035 Pannochya
2570 1961 2844 2017 vocatur
2865 1957 2911 2032 ²)
2957 1955 3000 2015 f.
3045 1955 3154 2035 qd.
3191 1954 3450 2034 Ugolini
3488 1960 3556 2015 et

1102 2050 1344 2115 Subilia
1366 2052 1473 2132 qd.
1494 2053 1729 2114 Fralmi
1761 2052 2000 2133 iugale-s
2023 2053 2320 2116 vendunt
2362 2051 2568 2115 Odal
2585 2073 2647 2113 m
2666 2072 2803 2115 aro
2843 2072 2943 2132 ep.
2966 2052 3140 2114 Vult.
3159 2051 3331 2114 bona
3351 2072 3471 2116 sua
3488 2053 3555 2114 in

1102 2151 1708 2229 septentrionalibus
1748 2152 2157 2231 episcopatus
2197 2152 2492 2230 partibus
2534 2151 2661 2212 sita
2701 2170 2820 2229 pro
2848 2151 3057 2229 pretio
3084 2152 3218 2212 sive
3245 2148 3559 2213 launehilt

1102 2247 1209 2308 lib.
1255 2247 1304 2308 C
1342 2248 1487 2309 den.
1534 2248 1686 2310 Luc.

1338 2409 1343 2414 ,
1431 2346 1585 2407 Volt.
1633 2346 1870 2410 AVesc.
1914 2367 1964 2407 8.
1997 2347 2145 2407 XII
2186 2348 2311 2409 dec.
2345 2347 2384 2409 4
2423 2368 2488 2408 π.
2519 2348 2600 2409 14
2639 2347 2812 2425 Oriq.
2856 2347 3038 2408 Liber
3079 2347 3316 2408 int-ium
3361 2347 3410 2407 7‘
3450 2346 3554 2406 cit.

1425 2444 1542 2506 Ed.
1590 2443 1811 2507 Giachi
1845 2447 1856 2477 ¹
1903 2444 2027 2506 136
2052 2470 2132 2502 :z
2175 2451 2194 2478 ⁸
2223 2446 2346 2507 450
2391 2447 2506 2505 mit
2545 2444 2838 2523 sal-schem
2885 2445 3120 2505 Datum
3163 2444 3229 2505 X
3269 2449 3410 2504 stati
3452 2442 3551 2503 XI

1421 2542 1545 2604 kal.
1591 2543 1718 2604 feb.

1106 2760 1236 2819 166.
1695 2785 1699 2789 ·
2731 2756 2909 2829 Rom,
2954 2755 3036 2818 30
3074 2755 3329 2816 Januar
3369 2754 3546 2815 1142.

1219 2856 1627 2934 Privilegium
1686 2858 2105 2936 protectionis
2161 2857 2192 2917 Ι
2212 2856 2646 2921 nnocentii
2701 2856 2784 2918 II
2839 2872 2956 2933 pro
3009 2853 3258 2915 Uberto
3314 2852 3556 2914 abbate

1099 2973 1268 3014 mon.
1314 2973 1362 3013 s.
1408 2954 1606 3014 Marie
1645 2954 1727 3015 de
1772 2955 2084 3016 Morrone

1428 3050 1585 3115 Volt.
1620 3051 1858 3117 AVeec.
1886 3073 1938 3113 8.
1969 3052 2118 3113 XII
2148 3052 2271 3114 dec.
2304 3053 2344 3113 5
2367 3072 2434 3113 n.
2467 3054 2503 3112 1
2532 3052 2706 3129 Oriy.
2830 3050 2947 3111 Ed.
2978 3049 3556 3129 Pfluqk-Haruunq

1420 3150 1574 3211 Acta
1616 3151 1697 3210 II
1736 3150 1855 3212 321
1885 3170 1944 3211 n.
1977 3150 2116 3212 360.
2161 3151 2312 3229 Req.
2355 3150 2481 3211 JL.
2528 3150 2708 3212 8200.

1102 3347 1235 3410 167.
2605 3344 3029 3423 Villamaqna,
3073 3342 3328 3405 Januar
3367 3341 3550 3405 1144.

1216 3443 2146 3517 MOXL1111,ienuario,ind.
2198 3444 2348 3507 VII.
2448 3444 2567 3507 Ru
2587 3444 2970 3507 bertinus
3006 3445 3054 3521 ⁸)
3097 3461 3309 3504 comes
3351 3441 3395 3502 f.
3440 3439 3548 3521 qd.

1094 3541 1504 3621 Uguiccionis
1543 3542 1714 3605 dono
1753 3542 1904 3605 eccl.
1949 3563 1998 3603 s.
2043 3544 2243 3607 Maris
2284 3549 2353 3604 et
2393 3544 2697 3605 canonice
2736 3563 2787 3605 s.
2836 3542 3176 3605 Octaviani
3203 3560 3423 3602 omnes
3450 3556 3555 3600 res

1096 3660 1269 3702 meas
1289 3640 1370 3703 de
1390 3640 1654 3703 castello
1673 3647 1742 3702 et
1768 3647 1950 3703 curte
1982 3641 2063 3702 de
2079 3642 2345 3722 Vignale
2367 3647 2434 3704 et
2456 3641 2746 3703 curtibus
2765 3641 2848 3702 de
2873 3642 3171 3721 Rignano
3196 3644 3265 3700 et
3294 3637 3545 3711 Cedule,

1091 3745 1364 3818 excepto
1393 3737 1558 3799 med.
1591 3738 1812 3802 mulini
1840 3746 1908 3801 et
1936 3745 2258 3819 quantum
2299 3740 2389 3802 da
2414 3759 2515 3800 me
2555 3746 2735 3801 tenet
2763 3737 3134 3819 Mingardu;
3162 3756 3308 3815 pen.
3341 3737 3406 3797 M
3432 3733 3544 3796 sol.

1091 3837 1236 3898 den.
1282 3856 1412 3916 arg.
1455 3836 1608 3898 Luc.
1654 3838 1938 3900 Scribere
1981 3840 2238 3918 rogavit
2276 3837 2598 3901 Uberbum
2638 3845 2774 3899 not.
2821 3859 2862 3900 a
2915 3836 3166 3917 plebem
3222 3836 3302 3896 de
3356 3832 3545 3894 Villa-

1092 3955 1344 4014 magna.
1429 3934 1492 3996 S.
1537 3955 1622 3995 m.
1669 3935 2030 3997 Rubertini.
2076 3935 2341 3998 Gerardi
2383 3936 2491 4016 qd.
2535 3934 2842 3998 Ildiberdi
2896 3941 2964 3996 et
3016 3934 3162 4014 Ugo
3217 3933 3328 4011 qui
3372 3932 3552 3992 Rim-

1092 4031 1280 4093 botto
1309 4051 1446 4093 voc.
1492 4038 1572 4094 tt.
1604 4032 1878 4095 Factum
1908 4035 1976 4094 in
2003 4036 2328 4114 presentia
2354 4034 2613 4113 plebani
2639 4033 2720 4094 de
2741 4032 3145 4113 villamagna
3179 4037 3250 4092 et
3272 4029 3549 4093 Iohanni

1090 4129 1296 4210 presb.
1340 4129 1421 4191 de
1463 4130 1872 4210 campurina.
1959 4132 2154 4195 Carta
2193 4131 2372 4193 facta
2414 4131 2532 4192 tali
2573 4132 2800 4205 tinore,
2844 4132 2898 4191 si
2940 4129 3338 4192 Rubertinus
3385 4148 3550 4189 mor-

1089 4233 1241 4291 tuus
1280 4226 1476 4288 fuerit
1515 4227 1651 4289 sine
1693 4227 1841 4289 filiis
1886 4227 2228 4293 heredibus
2274 4228 2355 4290 de
2397 4228 2687 4308 legitima
2724 4247 2943 4301 uxore,
2974 4226 3408 4307 suprascripta
3453 4244 3548 4285 re·

1089 4332 1395 4389 maneant
1436 4326 1503 4387 in
1541 4331 1870 4404 potestat-e
1910 4325 2060 4388 eccl.
2103 4331 2170 4387 et
2211 4328 2342 4391 suis
2383 4326 2756 4389 rectoribus.
2839 4324 3128 4391 Ubertus
3169 4336 3303 4386 not.

1415 4423 1575 4486 Volt.
1622 4422 1841 4502 AGap.
1883 4443 1950 4484 n.
1993 4423 2116 4485 136
2156 4424 2331 4501 Oriq.

1232 4650 1273 4714 ¹)
1313 4649 1435 4698 Aus
1483 4649 1603 4700 dem
1653 4650 1840 4699 Home
1892 4650 2360 4702 Pannoochieschi.
2544 4650 2587 4715 ⁸)
2638 4650 2890 4701 Deroelbo
2945 4651 3041 4701 wie
3092 4648 3448 4712 Aramo-kun
3491 4649 3548 4698 1.

1085 4737 1130 4803 ⁸)
1170 4736 1291 4787 Aua
1325 4737 1444 4787 dem
1479 4737 1669 4789 Haase
1692 4738 2145 4789 Pannoechieochi
2183 4739 2295 4790 und
2351 4740 2444 4790 ein
2479 4738 2688 4788 Bmder
2722 4738 2815 4788 dea
2851 4754 2904 4787 n.
2941 4740 3041 4790 171
3080 4746 3381 4802 aenanmen
3403 4735 3541 4786 Ilae-

1083 4825 1342 4887 brandin,·
1382 4826 1662 4888 very-'ciclis
1699 4827 1838 4877 auch
1873 4843 1925 4876 n.
1969 4830 2088 4878 153.
