4000 5700
1148 487 1255 540 276
1790 486 2234 540 REGESTUM
2274 487 2893 541 VOLATERRANU
2905 489 2963 540 M

1151 681 1376 742 stofori
1416 681 1501 741 de
1542 682 1904 742 Tholomeis
1947 682 2028 741 de
2070 681 2270 751 Senis,
2316 683 2485 758 prior
2539 682 2620 742 de
2675 682 2997 753 SalteanO,
3040 702 3182 744 can.
3226 683 3367 743 Seu.
3412 682 3617 763 Ray-

1149 780 1378 840 nerio
1418 798 1519 858 ep.
1563 779 1743 840 Vult.
1789 781 2034 841 remisit
2076 781 2215 840 iura
2256 799 2373 860 pro
2416 799 2534 840 sua
2574 788 2757 859 parte
2798 781 2880 841 de
2919 780 3142 841 debito
3195 800 3309 842 sex
3364 782 3619 842 milium

1151 896 1346 938 marc.
1391 896 1545 956 arg„
1590 895 1709 956 pro
1757 895 1887 954 quo
1929 876 2294 957 Raynerius
2334 878 2575 938 electus
2626 877 2782 938 olim
2838 877 3161 957 obligatus
3216 877 3341 938 fuit
3398 881 3621 951 Petr0‚

1153 974 1630 1045 Bartholome0‚
1687 973 1981 1034 Renaldo
2042 974 2188 1034 filiis
2246 974 2351 1053 qd.
2410 974 2787 1036 christofori
2843 974 3063 1036 Iacobi
3092 978 3157 1051 ¹),
3209 975 3490 1037 Henrico
3543 983 3619 1037 et

1151 1071 1404 1132 Andree
1445 1071 1551 1148 qd.
1597 1070 1839 1137 Iacobi‚
1886 1069 2173 1131 Orlando
2214 1077 2283 1130 et
2323 1071 2654 1132 Bonifatio
2696 1073 2807 1151 qd.
2838 1072 3271 1151 Bousignoris,
3314 1075 3469 1133 item
3500 1075 3615 1133 tri-

1149 1170 1335 1248 ginta
1376 1169 1622 1230 milium
1665 1167 2092 1229 ducentarum
2138 1167 2247 1229 lib.
2292 1170 2436 1230 den.
2482 1168 2650 1242 Sen.‚
2697 1188 2810 1248 pro
2840 1169 3074 1247 quibus
3104 1170 3342 1230 electus
3372 1171 3615 1230 eisdem

1149 1266 1568 1327 societatibus
1608 1264 1931 1345 obligatus
1973 1264 2121 1338 fuit3
2167 1286 2246 1326 ex
2289 1264 2523 1343 quibus
2564 1284 2710 1326 cum
2740 1265 2826 1327 ad
2851 1284 3038 1326 suam
3065 1266 3459 1335 societatem,
3484 1285 3615 1344 que

1150 1368 1421 1423 vocatur
1447 1364 1718 1423 societas
1743 1362 2023 1423 filiorum
2051 1363 2273 1424 Iacobi
2305 1363 2386 1423 de
2416 1362 2657 1433 Platea,
2676 1364 3041 1441 pertineant
3059 1362 3404 1425 duodecim
3434 1365 3612 1423 milia

1149 1462 1618 1540 quadringente
1661 1464 2047 1541 octuaginta
2085 1480 2198 1522 sex
2228 1462 2336 1522 lib.
2369 1462 2589 1522 decem
2620 1462 2756 1534 sol„
2788 1481 2937 1541 pars
2971 1481 3089 1520 sua
3131 1469 3232 1522 est
3272 1462 3305 1541 f
3306 1507 3489 1522 ......
3496 1462 3612 1542 ]²).

1151 1560 1336 1619 Bona
1377 1558 1664 1637 obligata
1708 1566 1775 1618 et
1831 1560 2217 1619 nominatim
2272 1578 2597 1619 caesarum
2640 1559 2937 1619 Monterii
2996 1579 3144 1619 cum
3188 1558 3613 1638 proventibus

1148 1656 1767 1737 argentifodinarum
1826 1656 2128 1717 liberavit
2183 1662 2252 1717 et
2303 1656 2615 1717 restituit.
2712 1657 2855 1717 Act.
2913 1656 3089 1735 apud
3145 1658 3611 1718 monasterium

1149 1773 1200 1815 s.
1245 1752 1535 1834 Galgani.
1647 1753 1914 1814 Alberto
1953 1752 2234 1832 plebano
2286 1754 2368 1814 de
2422 1752 2734 1814 Gerfalco.
2788 1754 3157 1815 Primerano
3205 1754 3483 1833 plebano
3530 1755 3612 1815 de

1150 1851 1680 1931 Ripamarrancia
1720 1851 1897 1912 Vult.
1945 1851 2106 1912 dioc.
2137 1851 2471 1930 Ciampolo
2496 1853 2704 1930 priore
2732 1851 2812 1911 de
2839 1850 3059 1913 Sciata
3083 1851 3230 1914 Sen.
3252 1853 3415 1912 dioc.
3440 1853 3607 1913 Mar-

1148 1952 1290 2011 tino
1343 1951 1549 2028 priore
1604 1951 1687 2010 de
1735 1949 1925 2010 Colle.
1970 1947 2265 2010 Guidone
2309 1951 2416 2029 qd.
2470 1949 2781 2011 Gnidonis
2828 1950 2909 2010 de
2956 1949 3288 2011 Ubertinis
3337 1955 3416 2010 tt.
3502 1950 3605 2011 Ia-

1149 2046 1347 2107 cobus
1397 2048 1640 2108 Posche
1684 2047 1877 2107 iudex
1920 2053 1989 2106 et
2031 2052 2163 2107 not.

1476 2144 1635 2205 Volt.
1681 2144 1924 2205 AVesc.
1966 2165 2020 2205 8.
2067 2144 2254 2205 XIII
2294 2145 2413 2205 dec.
2460 2144 2501 2205 8
2540 2165 2601 2204 n.
2644 2144 2726 2205 33
2765 2144 2936 2222 Oriq.

1150 2342 1286 2400 820.
2790 2338 2967 2407 Pisa,
3009 2339 3092 2400 20
3130 2339 3386 2399 Januar
3426 2338 3604 2400 1276.

1270 2437 1593 2498 Robertus
1635 2438 1989 2498 monachus
2031 2457 2076 2497 s.
2117 2437 2301 2507 Iusti,
2347 2437 2631 2497 sindicus
2672 2437 3042 2497 comunis
3089 2436 3328 2505 Vult„
3375 2438 3606 2497 consti·

1148 2541 1333 2597 tutus
1375 2556 1414 2596 a
1456 2535 1812 2595 Ramberto
1856 2535 1966 2613 qd.
2016 2535 2265 2595 Nicolai
2311 2536 2389 2594 de
2432 2534 2799 2595 Bazalleriis
2839 2534 2919 2594 de
2947 2533 3241 2595 Bononia
3281 2540 3608 2613 potestate

1149 2635 1328 2696 Vult.
1372 2652 1680 2694 consensu
1726 2633 1972 2694 consilii
2012 2631 2344 2712 generalis,
2395 2638 2463 2693 et
2519 2632 2856 2692 Rainerius
2910 2631 3291 2693 baucherius
3330 2635 3411 2695 de
3460 2654 3605 2712 cap·

1151 2731 1317 2810 pella
1357 2750 1404 2791 s.
1448 2730 1794 2809 Margarite
1836 2730 1945 2808 qd.
1992 2729 2274 2809 Bandini
2314 2730 2595 2789 sindicus
2634 2730 2851 2790 Pisani
2894 2730 3182 2790 comunis
3237 2750 3605 2809 composue-

1150 2833 1303 2890 runt
1346 2828 1462 2889 hec
1488 2834 1701 2907 pacta:
1767 2828 1903 2889 Pax
1933 2828 2086 2889 olim
2115 2828 2275 2888 inita
2294 2828 2341 2904 ⁸)
2371 2827 2765 2889 observetur.
2829 2826 3029 2889 Facta
3052 2847 3279 2907 guerra
3300 2826 3435 2889 sive
3464 2827 3608 2889 rob·

1149 2927 1330 2988 baria
1370 2946 1661 3001 comune,
1705 2928 1773 2987 in
1813 2929 1993 2987 cuius
2034 2927 2335 2988 districtu
2379 2932 2584 2988 staret
2624 2926 3015 2988 derobbator
3060 2928 3197 2988 sive
3252 2934 3466 2989 essent
3506 2947 3607 2988 res

1151 3029 1358 3104 capte,
1403 3023 1600 3084 faciet
1656 3024 1983 3085 emendari
2038 3026 2176 3085 sive
2230 3025 2503 3085 restitui.
2621 3024 2768 3084 Non
2821 3023 3249 3103 receptabunt
3304 3026 3606 3104 aliquem,

1151 3123 1262 3202 qui
1302 3121 1523 3182 fecerit
1565 3120 1948 3183 robbariam.
2035 3122 2435 3201 Precipiatur
2473 3120 2745 3200 publice,
2776 3122 2951 3200 quod
2979 3141 3246 3200 persone
3272 3125 3607 3202 utriusque

1153 3219 1400 3281 vadant
1439 3221 1665 3290 securi,
1707 3220 2063 3280 dummodo
2101 3216 2352 3280 nullum
2381 3221 2750 3282 comunium
2794 3226 3097 3280 teneatur
3123 3220 3188 3279 in
3217 3220 3378 3300 plus,
3409 3240 3609 3298 quam

1149 3319 1437 3396 superius
1478 3317 1563 3377 sit
1604 3338 1988 3396 expressam.
2074 3317 2141 3379 Si
2182 3318 2483 3379 robbaria
2523 3318 2641 3379 fiat
2684 3320 2749 3378 in
2793 3318 3091 3378 districtu
3134 3319 3386 3390 Pisano,
3420 3318 3609 3380 liceat

1152 3415 1398 3477 Pisanis
1442 3416 1530 3475 ire
1571 3434 1717 3476 cum
1761 3417 1956 3476 armis
1999 3415 2084 3476 ad
2128 3416 2336 3494 ipsam
2377 3417 2882 3494 recuperandam
2923 3417 2990 3476 in
3030 3416 3398 3477 districtum
3424 3416 3604 3477 Vult.

1149 3519 1216 3574 et
1257 3514 1603 3574 viceversa.
1687 3511 1895 3573 Salvis
1940 3514 2256 3592 preceptis
2298 3514 2463 3592 regis
2504 3513 2737 3572 Karuli
2778 3518 2846 3573 et
2887 3514 3108 3575 vicarii
3136 3515 3290 3584 eiuS,
3320 3514 3477 3575 dum
3508 3520 3607 3573 t-a·

1150 3629 1300 3671 men
1339 3629 1610 3672 comune
1650 3610 1827 3671 Vult.
1872 3630 1950 3671 ea
1992 3612 2280 3672 notificet
2323 3610 2489 3672 infra
2531 3610 2597 3671 X
2638 3612 2794 3682 dies3
2839 3612 3013 3681 item,
3055 3612 3112 3672 si
3137 3610 3387 3672 factum
3413 3611 3608 3673 fuerit

1150 3707 1398 3768 Pisanis
1438 3711 1816 3785 preceptum
1857 3726 1897 3768 a
1923 3727 2071 3787 rege
2114 3714 2340 3767 contra
2366 3708 2676 3785 predicta.
2762 3706 2995 3768 Omnia
3022 3708 3463 3788 intelligantur
3490 3708 3609 3768 du-

1150 3823 1310 3876 rare,
1353 3805 1556 3865 donec
1598 3823 1855 3882 presens
1895 3824 2129 3884 guerra
2163 3805 2497 3865 duraverit
2539 3804 2705 3867 inter
2745 3823 3016 3866 comune
3041 3804 3205 3866 Flor.
3238 3812 3306 3865 et
3334 3824 3606 3867 comune

1155 3904 1274 3963 Pis.
1302 3905 1369 3978 ⁴).
1457 3902 1612 3964 Pen.
1655 3902 1792 3963 MM
1833 3923 2029 3963 marc.
2072 3922 2206 3983 arg.
2294 3904 2434 3964 Act.
2480 3903 2641 3963 Pisis
2683 3904 2748 3961 in
2791 3903 2984 3964 domo
3024 3904 3332 3985 comunis,
3362 3903 3477 3964 ubi
3504 3909 3604 3965 est

1292 4082 1336 4148 ¹)
1379 4081 1680 4145 Verqleiche
1715 4081 1847 4132 oben
1881 4097 1935 4133 n.
1977 4083 2081 4132 670
2117 4083 2233 4133 und
2269 4082 2638 4146 Anmerkunq.
2772 4083 2815 4147 ⁸)
2853 4083 3041 4133 Leerer
3076 4084 3273 4133 Reum.
3404 4083 3450 4150 ⁸)
3488 4085 3602 4133 Der

1148 4171 1442 4234 Zcibpunkt
1489 4171 1662 4221 dieses
1709 4171 1965 4232 frakann
2023 4172 2302 4234 Vertraqcs
2339 4173 2413 4220 iet
2449 4172 2596 4222 nicht
2638 4171 2810 4222 sicher
2844 4188 2911 4221 zu
2958 4172 3293 4228 bestimmen:
3343 4172 3606 4223 viaticam

1147 4261 1220 4311 iet
1254 4275 1331 4311 an
1364 4260 1469 4310 den
1510 4274 1628 4310 vom
1666 4262 1698 4310 2
1736 4261 1867 4309 Mai
1907 4261 2064 4320 1270,
2100 4260 2234 4310 oben
2270 4276 2326 4311 n.
2371 4263 2489 4320 794,
2525 4276 2593 4310 zu
2627 4261 2851 4318 denhem
2889 4260 3199 4322 keinesfalls
3232 4261 3419 4322 judoch
3453 4260 3607 4311 kann

1146 4350 1247 4401 dae
1291 4350 1625 4399 Inar-ament
1670 4349 1764 4399 des
1811 4349 2181 4399 tuscani-when
2232 4349 2624 4400 Stcidtebundee
2671 4357 2826 4399 unter
2874 4350 3134 4410 Manfred
3183 4350 3417 4412 qemeina
3467 4350 3606 4401 sein.

1149 4438 1195 4505 ⁴)
1240 4438 1540 4501 Vcrqlsiche
1594 4437 1778 4487 David
1830 4437 2143 4488 Alexander
2203 4437 2412 4488 Wintcr
2464 4439 2570 4488 Die
2624 4438 2829 4487 Politik
2884 4439 3051 4487 Pisas
3104 4440 3404 4490 1:268-1282
3459 4438 3605 4489 Seite

1149 4529 1217 4580 59
1253 4528 1369 4577 und
1402 4527 1488 4576 die
1533 4526 1984 4589 Vorhandzunqen
2021 4528 2187 4577 Pisas
2226 4528 2328 4576 mit
2359 4527 2477 4576 San
2504 4527 2849 4590 Gimiynano,
2881 4527 3199 4576 Davidsohn
3223 4527 3609 4591 For-schamen

1147 4617 1219 4667 II
1256 4617 1360 4667 198
1397 4631 1451 4665 n.
1496 4617 1790 4665 1417-1423
1828 4616 1942 4664 und
1984 4615 2192 4665 Winter
2232 4617 2326 4673 56,·
2365 4615 2496 4664 velle
2533 4615 2863 4664 Neutralitdt
2898 4615 2977 4664 im
3002 4615 3202 4678 Krieqc
3226 4616 3488 4665 zwiechen
3510 4616 3606 4665 der

1144 4702 1509 4754 toccanischcn
1545 4702 1743 4766 Taqlia
1785 4704 1899 4752 und
1953 4704 2093 4754 Pisa
2148 4719 2259 4753 war
2312 4704 2441 4754 eben
2494 4703 2634 4753 auch
2685 4703 2784 4764 fiir
2846 4703 3087 4753 volterra
3147 4704 3295 4754 nicht
3352 4704 3609 4767 meqlich.
