4000 5700
1091 509 1165 561 60
1739 509 2184 563 REGESTUM
2223 509 2910 564 VOLATERRANUM

1098 703 3097 766 172.17
3138 703 3328 782 April
3367 703 3545 764 1151.

1216 800 3546 882 McL11‚XVka1.mad.,ind.X1111.Mathildaf.qd.Lanfi-anoi,

1094 898 1319 960 relicta
1355 897 1837 962 Ildebrandini¹
1849 903 1868 973 )
1912 901 2167 959 comitis
2193 899 2239 959 f.
2269 899 2377 979 qd.
2409 900 2655 980 Ugonis
2684 901 2888 961 Tezici
2917 901 3073 962 item
3100 900 3374 972 comitiS,
3401 919 3550 962 eon-

1094 997 1416 1057 sentiente
1457 997 1721 1058 Luterio
1746 995 1828 1057 de
1856 996 2077 1060 Casale
2105 996 2150 1056 f.
2182 997 2291 1076 qd.
2323 996 2491 1058 Widi
2520 996 2918 1059 mundvaldo
2946 1017 3108 1069 meo,
3139 997 3348 1058 vendo
3377 995 3549 1059 Gal-

1096 1111 1305 1171 gano
1346 1112 1446 1172 ep.
1493 1092 1694 1165 Vult.,
1736 1092 1914 1172 quod
1953 1095 2270 1172 pertinuit
2309 1095 2449 1155 viro
2475 1114 2619 1154 meo
2645 1095 2713 1155 in
2741 1100 2956 1155 castro
2981 1099 3049 1154 et
3076 1099 3259 1155 curte
3283 1093 3364 1155 de
3395 1094 3549 1158 Bar-

1098 1185 1311 1260 bialla,
1356 1195 1572 1248 castro
1610 1187 1887 1267 Scopeto
1928 1191 2056 1249 sito
2098 1190 2166 1250 in
2206 1188 2372 1250 valle
2411 1190 2493 1251 de
2534 1189 2702 1251 Bula
2741 1196 2811 1251 et
2851 1189 2993 1251 aliis
3032 1188 3186 1251 locis
3222 1210 3262 1250 a
3287 1190 3548 1251 flumine

1096 1286 1257 1346 Arni
1297 1305 1500 1365 usque
1542 1286 1588 1366 [.
1611 1334 1624 1347 .
1647 1334 1661 1347 .
1682 1288 1728 1367 .]
1752 1289 1800 1364 ²)
1831 1287 2132 1365 Empori3
2175 1289 2382 1366 recepi
2410 1288 2496 1349 sb
2521 1308 2622 1366 ep.
2653 1290 2956 1349 meritum
2987 1286 3250 1350 anulum
3279 1307 3548 1349 aureum

1097 1402 1215 1461 pro
1255 1387 1469 1462 pretio
1509 1386 1894 1464 octuaginta.
1931 1383 2042 1445 lib.
2086 1385 2374 1466 [....]⁸);
2431 1406 2578 1466 pen.
2639 1391 2902 1447 centum
2956 1385 3066 1446 lib.
3110 1405 3243 1466 arg.
3354 1386 3417 1448 S.
3461 1406 3546 1446 m.

1099 1481 1397 1542 Matelde.
1443 1483 1684 1543 Luteri.
1730 1482 2040 1545 Lanberti
2079 1483 2298 1544 fratris
2341 1482 2619 1545 Matelde
2662 1490 2743 1544 tt.
2867 1484 3040 1564 [Ugo
3063 1487 3109 1559 ⁴)
3155 1483 3341 1563 not.].

1421 1580 1582 1642 Volt.
1629 1580 1869 1642 AVeso.
1910 1599 1962 1641 s.
2007 1580 2157 1641 XII
2198 1580 2320 1642 dec.
2365 1582 2405 1643 6
2446 1602 2508 1642 n.
2559 1582 2600 1643 4
2638 1582 2811 1660 Oriy.
2859 1581 3171 1660 (mehrals
3210 1580 3312 1642 die
3337 1580 3550 1659 Haste

1412 1678 1882 1757 ausqesressen).
1926 1679 2110 1739 Liber
2151 1681 2388 1741 iuriam
2435 1681 2614 1741 7.14
2653 1681 2755 1741 cit.

1100 1811 1232 1874 173.
2238 1812 2462 1873 Gasole
2512 1812 2633 1874 Val
2670 1812 2908 1886 dQElsa
2951 1813 3031 1872 11
3072 1811 3326 1873 Oldober
3363 1812 3545 1873 1152.

1213 1909 1295 1971 In
1338 1908 1620 1971 claustro
1660 1909 1866 1988 plebis
1904 1910 1987 1971 de
2031 1907 2262 1970 Casula
2300 1929 2399 1988 ep.
2444 1909 2862 1990 Galganus
2925 1910 3154 1986 (Vult.)
3213 1911 3548 1971 investivit

1094 2006 1533 2069 Fsrchisillam
1575 2006 1945 2069 derelictam
1989 2008 2097 2086 qd.
2145 2008 2479 2070 Gerardini
2532 2015 2600 2069 et
2654 2010 2790 2070 eius
2843 2007 2888 2067 f.
2933 2007 3394 2070 Ildebrandum
3435 2027 3549 2085 per

1092 2104 1250 2165 alios
1290 2104 1524 2166 fratres
1565 2111 1753 2166 extra
1795 2125 2018 2178 annos,
2062 2106 2310 2167 salvare
2353 2113 2418 2165 et
2447 2106 2785 2167 defendere
2813 2107 3131 2167 iustitiam
3159 2107 3228 2166 in
3253 2105 3546 2178 kastell0‚

1094 2201 1333 2284 burgis,
1378 2210 1559 2263 curte
1600 2203 1680 2263 de
1722 2204 2082 2276 Mentiano;
2126 2216 2212 2274 et,
2244 2205 2298 2264 si
2340 2205 2535 2264 turris
2576 2203 2876 2264 edificata
2903 2202 3098 2263 fuerit
3127 2203 3195 2263 in
3219 2203 3441 2281 plezza
3468 2201 3548 2261 de

1098 2298 1367 2373 Kasula,
1411 2302 1818 2379 episcopatus
1861 2298 2038 2362 Vult.
2083 2300 2278 2362 debet
2299 2322 2442 2363 eam
2471 2300 2626 2362 dare
2667 2300 2858 2361 alicui
2898 2299 3388 2361 custodiendam
3417 2298 3546 2359 sud

1094 2417 1209 2476 per
1248 2397 1535 2470 feudum,
1579 2405 1647 2458 et
1688 2400 1761 2471 is,
1806 2399 1925 2459 nisi
1972 2400 2058 2458 sit
2101 2399 2534 2459 ministerialis
2574 2418 2696 2477 ep.‚
2739 2398 2935 2459 debet
2977 2400 3205 2471 iurare,
3249 2397 3443 2475 quod,
3495 2398 3548 2456 si

1094 2497 1289 2556 turris
1328 2495 1526 2556 fuerit
1568 2497 1926 2557 necessaris
1966 2496 2110 2556 filiis
2163 2497 2325 2557 dicti
2378 2495 2701 2557 Girardini
2755 2496 2840 2556 ad
2893 2494 3370 2556 defendendum
3412 2514 3546 2555 rem

1091 2611 1333 2666 eorum,
1379 2601 1446 2653 et
1489 2594 1806 2655 iustitiam
1848 2593 2090 2654 debent
2133 2613 2504 2671 recuperare
2533 2612 2727 2672 super
2768 2602 3009 2654 turrem
3039 2599 3108 2653 et
3135 2591 3374 2653 debent
3402 2610 3547 2654 eam

1091 2710 1381 2751 securare
1423 2691 1510 2751 ad
1549 2691 1721 2760 eccl„
1752 2698 1839 2764 et,
1871 2693 1924 2752 si
1965 2693 2259 2770 inquisiti
2301 2698 2547 2752 cartam
2591 2690 2672 2752 de
2713 2697 2899 2770 parte
2940 2711 3161 2752 eorum
3201 2690 3285 2751 de
3325 2689 3547 2769 plezza

1088 2786 1288 2848 castri
1326 2788 1406 2850 de
1449 2788 1679 2851 Casula
1718 2796 1786 2851 et
1827 2788 1907 2850 de
1949 2787 2095 2851 aliis
2131 2792 2342 2869 pactis
2370 2810 2501 2852 non
2528 2789 2813 2863 fecerint,
2849 2797 3004 2851 tunc
3033 2809 3112 2851 ea
3138 2794 3548 2850 revertantur

1090 2887 1157 2947 in
1197 2886 1643 2948 Ildibrandino
1684 2888 1884 2949 fratre
1925 2908 2183 2962 eorum3
2226 2890 2278 2948 si
2320 2908 2420 2967 ep.
2465 2896 2532 2949 et
2575 2908 2965 2949 successores
3005 2888 3122 2949 hec
3163 2907 3294 2948 non
3336 2886 3545 2948 obser-

1091 2986 1408 3057 vaverint,
1435 2985 1688 3047 solvent
1717 3006 1861 3066 pen.
1886 2988 2021 3048 XX
2049 2986 2158 3047 lib.
2189 2988 2334 3049 den.
2367 2986 2521 3048 Luc.
2607 2987 2910 3060 MCLIII,
2943 2988 2998 3048 V
3027 2986 3112 3047 id.
3146 2993 3294 3058 oct„
3326 2985 3456 3046 ind.
3488 2986 3542 3047 Ι.

1089 3083 1152 3143 S.
1186 3104 1269 3144 m.
1316 3082 1588 3163 Galgani
1643 3105 1740 3164 ep.
1787 3086 1994 3167 Uguti
2049 3085 2385 3147 kanonaci.
2429 3085 2649 3146 Presb.
2695 3085 2936 3146 Μαι-6111
2991 3085 3304 3163 prepositi
3341 3083 3547 3163 plebis

1087 3180 1315 3242 Casule
1336 3190 1404 3244 et
1422 3180 1681 3260 plebani
1703 3203 1751 3243 s,
1777 3183 2020 3262 Ipoliti.
2067 3183 2318 3245 Gidotti
2340 3183 2421 3243 de
2449 3183 2625 3245 Vult.
2656 3183 2701 3244 f.
2733 3183 2840 3261 qd.
2873 3181 3153 3262 Ugolini.
3185 3182 3546 3260 Lampretti

1090 3279 1133 3340 f.
1179 3280 1286 3357 qd.
1333 3280 1567 3341 Truffe.
1615 3279 1903 3342 Paltonis
1946 3280 1988 3340 f.
2036 3281 2144 3360 qd.
2191 3282 2470 3359 Toponis
2511 3289 2578 3340 et
2622 3281 2907 3361 Gregorii
2935 3278 3157 3341 Sancti
3184 3280 3543 3340 Ieminiani.

1088 3375 1340 3438 Alberti
1381 3378 1707 3439 Corticcie.
1753 3379 2017 3459 Ugolini
2057 3377 2164 3459 qd.
2213 3377 2671 3440 Ildebrandini.
2714 3377 2984 3440 Aldonis
3024 3384 3093 3439 et
3135 3378 3317 3456 Rope‘
3358 3377 3402 3438 f.
3435 3376 3541 3455 qd.

1086 3474 1505 3536 Suffreduccii
1552 3482 1631 3535 tt.
1718 3474 1974 3538 Branca
2015 3484 2151 3536 not.
2198 3477 2350 3555 imp.

1418 3573 1575 3635 Volt.
1622 3573 1860 3635 AVeec.
1903 3594 1954 3634 s.
1999 3573 2150 3634 XII
2192 3574 2315 3635 dec.
2362 3575 2400 3635 6
2441 3595 2504 3636 n.
2555 3577 2592 3637 7
2631 3576 2806 3654 Oriq.

1093 3708 1225 3768 174.
1831 3756 1839 3766 .
2696 3709 2875 3780 Rom,
2922 3710 2959 3769 7
2999 3708 3323 3769 Dezember
3361 3707 3541 3769 1153.

1206 3801 1619 3885 Privilegium
1648 3805 2155 3867 confirmationis
2201 3807 2634 3868 Anastasii
2690 3807 2798 3868 IV
2844 3826 2963 3885 pro
2990 3805 3139 3867 eccl.
3172 3826 3221 3867 s.
3252 3805 3546 3867 Faustini

1085 3906 1155 3960 et
1195 3901 1505 3963 Iohannis
1545 3923 1693 3964 cum
1734 3902 1917 3982 plebe
1960 3923 2080 3965 sua
2118 3904 2198 3964 de
2242 3904 2412 3965 Elsa.

1410 3999 1671 4061 Florem
1699 4000 1851 4061 Ast.
1887 4000 2111 4079 (Colle)
2144 4001 2315 4080 Oriq.
2373 4001 2541 4062 Colle
2571 4000 2809 4064 AVesc.
2849 4001 2981 4062 Atti
3013 4000 3546 4079 dell’Arcipretato

1406 4097 1453 4175 f.
1500 4095 1596 4159 12¹
1632 4097 1785 4176 Cop.
1824 4117 1874 4159 s.
1923 4098 2198 4160 XVIII.
2281 4098 2400 4160 Ed.
2445 4098 3023 4177 Pfluqk·Harttun9
3065 4099 3222 4160 Acta
3261 4098 3383 4158 III
3423 4097 3546 4159 129

1410 4214 1471 4256 n.
1503 4195 1642 4255 122.
1727 4193 1848 4256 Cic.
1896 4195 2404 4256 Kaltcnbrunner
2440 4194 2680 4257 Wiener
2706 4195 3123 4273 Sitzunqsber.
3150 4194 3375 4257 XCIV
3405 4195 3543 4256 664.

1408 4291 1556 4370 Req.
1599 4292 1723 4353 JL.
1770 4292 1949 4353 9767.
2045 4293 2250 4370 Veryl.
2295 4293 2467 4354 Kehr
2508 4293 2646 4354 601.

1234 4451 1274 4518 ¹)
1303 4453 1436 4515 Graj
1460 4453 1809 4506 Ildebrandin
1833 4456 2304 4513 Pannocchieschi,
2332 4455 2484 4506 Sohn
2510 4455 2603 4506 des
2633 4455 2900 4518 Uquccio:
2939 4472 2994 4506 er
3029 4456 3144 4507 und
3176 4456 3298 4507 sein
3333 4455 3547 4507 Bruder

1085 4538 1417 4593 Rubertinm
1456 4546 1643 4607 (unm
1679 4560 1735 4595 n.
1776 4546 1903 4610 176)
1942 4546 2117 4606 selden
2151 4546 2214 4596 in
2251 4545 2486 4607 Repertis
2522 4545 2877 4608 Stammtafel.
3025 4543 3069 4610 ²²)
3113 4547 3179 4596 16
3208 4544 3545 4596 Buchstaben

1084 4630 1330 4681 verloren.
1478 4632 1522 4696 ⁸)
1550 4632 1761 4682 Nd'herc
1797 4633 2169 4697 Bezeichnunq
2197 4635 2440 4683 ver-loten.
2589 4634 2632 4693 ⁴)
2658 4635 2770 4687 Der
2792 4634 2992 4696 Schrist
3027 4633 3165 4684 nach
3198 4635 3272 4685 ist
3307 4649 3361 4684 os
3394 4635 3544 4684 awei-

1082 4717 1250 4780 sellos,
1289 4720 1415 4770 dass
1451 4737 1506 4769 er
1540 4721 1626 4771 die
1670 4720 1925 4771 Urkunde
1963 4723 2179 4773 selu-iob.
