4000 5700
1071 450 1182 505 210
1720 444 2163 501 REGESTUM
2201 439 2886 497 VOLATERRANUM

1074 647 1215 707 640.
2665 637 3086 710 Volterra,14
3128 637 3314 697 Man
3351 637 3529 697 1252.

1195 743 1740 823 (Raynerius)
1766 739 1942 801 Vult.
1976 740 2214 800 electus
2242 737 2582 798 constituit
2615 735 2922 798 Iacobum
2952 734 3335 813 archipresb.
3353 734 3532 795 Vult.

1074 849 1144 904 et
1187 842 1533 921 plebanum
1573 841 1654 901 de
1695 838 1939 899 Clanno
1990 842 2469 916 procuratorem
2524 836 2610 896 ad
2665 833 3018 914 petendum
3072 853 3112 892 a
3167 834 3536 911 Beringerio

1074 942 1401 1020 preposito
1442 937 1666 999 Sancti
1706 936 2068 998 Geminiani
2111 941 2454 995 executore
2495 954 2682 1013 pape,
2725 939 2800 994 ut
2833 932 3142 1012 procedat
3167 932 3254 992 ad
3280 936 3532 992 senten·

1077 1042 1241 1099 tiam
1280 1035 1964 1098 excommunicationis
2026 1040 2254 1094 contra
2315 1032 2702 1094 Palmerium
2767 1032 3098 1104 mainonis,
3155 1029 3533 1090 Rainerium

1076 1134 1411 1205 Cittadini,
1455 1133 1975 1209 Boninsengnam
2019 1130 2213 1191 Pilosi
2241 1132 2412 1191 cives
2441 1138 2508 1190 et
2538 1136 2921 1189 mercatores
2949 1128 3254 1190 Senenses
3281 1138 3350 1186 et
3377 1125 3536 1185 alios

1074 1232 1446 1293 detentores
1501 1230 1697 1292 castri
1752 1230 2072 1301 Monterii‚
2118 1230 2364 1308 magari
2415 1234 2642 1287 contra
2698 1232 3088 1305 potestatem
3143 1231 3212 1286 et
3265 1244 3536 1286 comune

1072 1329 1389 1391 Senenses
1416 1334 1480 1405 ¹).
1566 1328 1709 1389 Act.
1754 1327 1934 1388 Vult.
1978 1330 2044 1388 in
2088 1327 2281 1387 domo
2315 1325 2463 1386 ecel.
2493 1346 2544 1385 s.
2575 1324 2844 1386 Stefani.
2930 1323 3236 1384 Incontto
3261 1321 3540 1401 plebano

1076 1446 1131 1488 s.
1177 1426 1312 1486 Viti
1353 1427 1594 1486 vicario
1633 1426 1837 1485 electi.
1880 1424 2101 1486 Presb.
2134 1422 2454 1484 Asseduto
2480 1427 2548 1483 et
2574 1421 2782 1500 presb.
2810 1421 3077 1482 Alberto
3105 1426 3187 1481 tt.
3260 1418 3536 1491 MOCLI,

1081 1525 1213 1586 ind.
1255 1523 1341 1597 X,
1385 1523 1455 1584 ΙΙ
1496 1523 1583 1584 id.
1630 1529 1819 1584 mart.
1904 1522 2402 1584 Ildebrandinus
2441 1528 2576 1581 not.

1408 1622 1565 1683 Vols.
1611 1621 1852 1683 AVesc.
1895 1642 1943 1681 ε.
1988 1619 2179 1680 XIII
2220 1619 2344 1679 dec.
2390 1618 2432 1678 6
2469 1638 2533 1677 n.
2578 1619 2619 1679 2
2659 1617 2828 1694 Oria.

1084 1822 1221 1882 641.
2791 1814 2966 1886 Pisa,
3010 1813 3092 1874 16
3134 1814 3320 1875 Μᾶντ
3358 1815 3537 1876 1252.

1208 1917 1488 1977 Berlin
1504 1918 1730 1994 geriu
1747 1934 1778 1975 s
1823 1916 2185 1992 prepositus
2212 1914 2436 1976 Sancti
2462 1913 2831 1974 Geminiani
2857 1914 3248 1973 auctoritate
3285 1913 3474 1974 nobis
3501 1934 3541 1973 a

1086 2035 1259 2096 papa
1299 2015 1639 2075 commissa
1679 2012 2067 2073 Palmerium
2120 2012 2451 2084 RainoniS,
2510 2010 2885 2072 Rainerium
2944 2010 3243 2085 Citadini,
3289 2012 3542 2072 Bonen-

1087 2115 1383 2192 sinffliam
1424 2112 1640 2183 Pilosi,
1684 2111 2058 2171 Nastasium
2100 2109 2294 2169 Guidi
2335 2110 2507 2169 cives
2546 2114 2617 2170 et
2657 2115 3045 2169 mercatores
3073 2107 3400 2183 Senenses,
3430 2111 3546 2189 qui

1080 2211 1383 2272 detinent
1422 2215 1705 2269 castrum
1749 2208 2050 2268 Monterii
2087 2213 2159 2267 et
2198 2206 2596 2268 Rainerio
2625 2207 2798 2267 Vult.
2841 2206 3046 2267 electo
3073 2208 3409 2268 restituere
3436 2228 3543 2268 ne-

1093 2308 1377 2388 glegunt,
1420 2327 1552 2366 non
1592 2304 2005 2366 obstantibus
2033 2305 2586 2384 ,appellationibus
2615 2325 2727 2384 per
2756 2305 3038 2366 Adotam
3065 2307 3378 2384 Caponeri
3409 2313 3546 2368 not.

1092 2425 1311 2468 coram
1352 2404 1536 2467 nobis
1576 2406 1923 2483 propositis
1960 2405 2612 2465 excommunicamus,
2738 2404 2912 2464 Data
2955 2403 3120 2464 Pisis
3158 2406 3226 2463 in
3267 2405 3550 2465 claustro

1082 2533 1141 2574 s.
1174 2513 1375 2573 Marie
1417 2512 1698 2574 maioris.
1780 2510 2075 2571 Guidone
2116 2508 2394 2588 plebano
2433 2529 2483 2570 s.
2529 2509 2817 2570 Cassiani
2855 2516 2923 2571 et
2963 2530 3107 2572 can.
3148 2510 3280 2572 Pis.
3322 2510 3548 2589 Ugone

1093 2630 1235 2672 can.
1266 2607 1410 2670 Sen.
1454 2613 1522 2669 et
1563 2609 1691 2669 Pis.
1736 2606 1952 2668 Presb.
1999 2606 2471 2687 Bonensengna
2510 2608 2894 2686 cappellano
2929 2628 2977 2669 s.
3023 2610 3220 2669 Maris
3266 2610 3546 2670 maioris.

1093 2709 1382 2769 Ventura
1422 2712 1670 2768 rectore
1710 2707 1860 2767 eccl.
1903 2726 1953 2767 s.
1999 2706 2182 2767 quti
2221 2706 2304 2766 de
2345 2705 2646 2766 Parrana.
2684 2705 2924 2767 Iacobo
2952 2706 3338 2786 archipresb.
3369 2707 3546 2768 Vult.

1093 2814 1164 2870 et
1203 2805 1478 2886 plebano
1520 2806 1603 2867 de
1639 2804 1887 2867 Clanno
1913 2810 2328 2884 procuratore
2353 2804 2541 2865 electi
2566 2805 2742 2867 Vult.
2774 2810 2855 2865 tt.
2939 2804 3254 2876 MCCLIL
3299 2806 3429 2867 ind.
3460 2806 3548 2879 X,

1103 2904 1300 2966 XVII
1342 2905 1467 2966 kal.
1513 2923 1649 2984 apr.
1731 2902 1945 2965 Guido
1974 2902 2341 2964 Benencase
2382 2902 2463 2962 de
2501 2902 2807 2964 Curtibus
2835 2901 3021 2964 Fred.
3049 2906 3202 2983 imp.
3233 2911 3368 2965 not.

1420 3003 1574 3066 Volt.
1621 3004 1856 3065 AVesc.
1903 3023 1948 3061 8.
1996 3000 2186 3063 XIII
2228 3002 2347 3062 dec.
2394 3002 2435 3062 6
2473 3023 2534 3063 n.
2580 3002 2620 3061 9
2660 3002 2832 3079 Oriq.

1094 3212 1233 3272 642.
2703 3209 3027 3280 Montieri,
3056 3210 3134 3270 11
3179 3209 3330 3270 Mas·
3368 3211 3550 3272 1253.

1222 3308 1689 3388 Raynerius
1731 3306 1910 3368 Vult.
1952 3307 2194 3369 electus
2234 3307 2594 3369 Guinisium
2636 3308 2831 3367 Iunte
2871 3306 2954 3369 de
2981 3308 3320 3369 Arzocchis
3346 3309 3554 3370 civem

1104 3407 1249 3468 Sen.
1286 3406 1522 3487 elegit
1504 3425 1569 3466 ιιι
1613 3410 2008 3484 potestatem
2048 3407 2244 3466 castri
2283 3405 2366 3466 de
2407 3405 2724 3467 Monterio
2764 3425 2803 3466 a
2843 3406 2972 3468 kal.
3016 3408 3149 3468 iun.
3181 3407 3267 3467 ad
3293 3426 3552 3469 annum.

1106 3508 1253 3567 Act.
1281 3503 1643 3565 Monterio
1625 3522 1694 3562 m
1721 3502 1916 3564 domo
1955 3502 2105 3563 eccl.
2190 3503 2514 3583 Raynerio
2555 3502 2824 3564 BrancO.
2865 3502 3103 3565 Iacobo
3129 3506 3341 3584 priore
3365 3525 3554 3568 cano·

1105 3604 1246 3664 nice
1283 3600 1364 3661 de
1406 3599 1743 3660 Monteri0.
1785 3597 2036 3660 Uberto
2078 3599 2354 3678 plebano
2405 3619 2456 3660 s.
2501 3599 2688 3661 Pauli
2740 3600 3026 3661 eiusdem
3083 3597 3222 3663 loci.
3269 3603 3557 3665 Iohanne

1100 3699 1415 3762 familiare
1456 3698 1660 3758 electi.
1707 3697 1975 3764 Braccio
2015 3697 2405 3759 Francobari
2445 3704 2527 3758 tt.
2625 3697 2976 3772 MCCLIII,
3019 3701 3150 3761 ind.
3205 3701 3326 3774 XI,
3369 3701 3428 3763 V
3468 3702 3553 3763 id.

1104 3797 1254 3858 mai.
1336 3795 1721 3857 Lambertus
1763 3801 1900 3855 not.
1945 3794 2168 3855 Bracci
2215 3796 2620 3857 Francobari.

1428 3894 1586 3955 Volt.
1635 3894 1871 3954 AVesc.
1916 3914 1968 3953 ε.
2011 3892 2201 3952 XIII
2242 3894 2362 3953 dec.
2408 3894 2448 3954 6
2486 3914 2550 3954 n.
2594 3896 2676 3955 17
2717 3895 2887 3973 Oriq.

1110 4098 1249 4161 643.
2711 4100 3003 4170 volte-ra,
3047 4099 3130 4162 28
3167 4102 3340 4162 ἅτινα·
3377 4102 3557 4164 1253.

1230 4193 1580 4266 Mccmn,
1627 4195 1755 4255 ind.
1782 4193 1900 4266 XI,
1928 4193 2071 4255 1111
2099 4193 2226 4256 kal.
2259 4195 2366 4256 iul.
2449 4195 2656 4257 Pacta
2684 4197 2846 4257 inita
2874 4198 3043 4258 inter
3081 4196 3560 4260 Rainerium

1113 4273 1289 4354 Vult.
1319 4291 1595 4354 electum
1624 4298 1686 4352 et
1720 4292 2092 4354 Rainerium
2123 4293 2356 4356 Pancie
2385 4293 2465 4354 de
2495 4293 2969 4356 Buccabadatis
2998 4294 3078 4356 de
3105 4295 3360 4358 Mutina
3386 4296 3560 4358 Vult.

1111 4395 1525 4470 potestatem,
1550 4389 1769 4469 populi
1798 4392 2230 4470 capitaneum,
2261 4394 2563 4452 anzianos
2603 4393 2846 4471 populi.
2875 4393 3190 4471 Tempore
3219 4395 3354 4455 vite
3379 4396 3568 4457 electi

1260 4579 1303 4644 ι)
1324 4580 1412 4629 Zu
1446 4580 1617 4630 dieser
1654 4582 1766 4629 und
1802 4581 1895 4630 der
1928 4581 2211 4644 solqenden
2247 4583 2512 4633 Nummsr
2549 4584 2620 4633 iat
2667 4600 2732 4632 zu
2784 4584 3109 4648 verqleichen
3150 4601 3174 4634 e
3199 4586 3417 4636 Bistam
3451 4587 3567 4636 und

1122 4667 1580 4729 Gddwffloehaft»
1618 4670 1685 4718 II
1724 4671 1842 4720 219.
