4000 5700
1090 500 1195 550 14⁰
1730 496 2172 551 REGESTUM
2213 498 2263 549 V
2265 498 2898 552 OLATERRAXL'M

1083 712 1205 770 ep.‚
1249 702 1441 771 negat
1486 713 1553 753 se
1596 696 1871 771 recipere
1911 693 2162 753 fructus
2204 694 2372 753 ultra
2411 702 2672 763 sortem,
2702 695 2990 774 itemque
3015 696 3356 756 Curradus.
3439 696 3548 759 Se·

1085 790 1313 868 quenti
1353 791 1459 851 die
1540 810 1755 852 coram
1808 790 2098 851 Ventura
2152 798 2291 851 not.
2348 791 2582 852 Guelfo
2619 790 2732 870 qd.
2777 792 3040 855 Posche.
3085 793 3394 871 Ugicione
3432 796 3543 872 qd.

1083 888 1275 948 Cenci
1356 887 1725 948 Ranuccius
1766 887 1971 966 plebis
2011 908 2062 948 s.
2106 888 2334 948 Lazari
2373 887 2686 967 plebanus
2727 888 2971 949 arbiter
3008 889 3252 950 electus
3305 892 3394 951 ad
3443 911 3546 950 co-

1082 984 1519 1064 gnoscendum
1561 986 2021 1065 suspictionem
2063 984 2384 1046 obiectam
2423 988 2748 1064 preposito
2775 985 3104 1048 Casulensi
3129 987 3278 1047 dico
3303 1006 3408 1047 me
3433 1007 3544 1065 pa-

1082 1092 1297 1145 ratum
1340 1089 1410 1144 et·
1452 1084 1628 1145 volui
1667 1081 1896 1163 eligere
1923 1085 2191 1144 tertium
2219 1081 2538 1144 arbitrum
2566 1102 2716 1144 cum
2744 1083 3022 1155 Simone,
3053 1083 3166 1144 sed
3201 1103 3332 1145 non
3359 1086 3546 1162 pomi

1082 1200 1185 1241 me
1225 1199 1374 1240 cum
1415 1180 1527 1243 illo
1565 1182 1970 1242 concordare.
2017 1180 2292 1242 Iacobus
2333 1181 2660 1242 Manneotai
2699 1182 2857 1259 imp.
2897 1182 3044 1241 aule
3085 1190 3223 1241 not.

1404 1278 1667 1339 morena
1708 1277 1861 1338 Ast.
1891 1277 2085 1351 (Vols.
2117 1277 2281 1338 1220
2307 1277 2412 1339 IX
2442 1277 2541 1345 18,
2571 1298 2637 1339 n.
2667 1278 2815 1353 203)
2856 1277 3032 1353 Θήῃ.

1084 1573 1224 1634 394,
2242 1571 2460 1632 Monte
2508 1572 2807 1649 Voltrayo
2851 1572 2935 1633 19
2973 1572 3326 1650 September
3364 1575 3546 1636 1220.

1206 1670 1527 1742 ΜΟΟΧΧ,
1571 1670 1707 1733 ind.
1750 1668 1971 1739 VIIII
2021 1668 2193 1730 XIII
2235 1669 2363 1731 kal.
2407 1676 2536 1730 oct.
2618 1670 2780 1731 Cum
2829 1671 3242 1748 exceptiones
3292 1671 3545 1733 favora-

1088 1766 1243 1830 biles
1285 1787 1475 1846 super
1514 1769 1904 1846 suspitiones
1946 1765 2232 1827 obiectas
2275 1767 2736 1842 Fuorenzetto)
2767 1769 3097 1847 preposito
3128 1768 3498 1830 Casulensi
3479 1789 3550 1831 m

1084 1865 1486 1945 delegatione
1529 1865 1652 1927 sibi
1691 1864 1869 1926 facta
1912 1884 2104 1945 super
2145 1885 2340 1926 causa
2381 1866 2602 1927 Vult.
2646 1866 3018 1927 comunis
3060 1886 3206 1929 cum
3266 1867 3550 1929 Belforte

1085 1972 1153 2025 et,
1192 1964 1503 2025 fratribus
1544 1963 1793 2026 civibus
1823 1963 2003 2025 Vult.
2035 1966 2363 2043 preposite
2391 1966 2523 2026 sint
2550 1985 2764 2026 eoram
2798 1964 2982 2026 vobis
3010 1965 3390 2041 (Ranucoio)
3420 1965 3547 2045 ple·

1086 2061 1258 2123 bano
1284 2082 1333 2120 s.
1364 2061 1591 2122 Lazari
1631 2067 1700 2122 et
1741 2060 2001 2123 Simone
2043 2082 2184 2123 can.
2231 2061 2529 2122 Massano
2570 2082 2610 2122 a
2655 2082 2754 2122 me
2797 2062 3120 2122 Mainecto
3160 2063 3406 2124 sindico
3445 2083 3550 2124 co·

1088 2160 1301 2220 munis
1341 2166 1411 2220 et
1450 2180 1487 2219 a
1533 2159 1818 2220 Belforte
1860 2166 1930 2220 et
1968 2159 2283 2221 fratribus
2321 2166 2390 2219 et
2443 2160 2573 2219 iam
2630 2161 2716 2220 sit
2772 2159 2847 2220 lis
2901 2166 3270 2221 contestata
3323 2168 3392 2221 et
3445 2180 3550 2221 ca·

1087 2258 1374 2336 lumpnie
1415 2264 1887 2318 sacramentum
1932 2264 2320 2336 ptest-atum,
2366 2257 2512 2319 dico
2561 2277 2663 2318 me
2718 2264 3019 2335 paramm
3076 2259 3416 2335 procedere
3457 2266 3545 2332 et,

1084 2360 1428 2433 postquam
1460 2354 1656 2415 fuerit
1685 2373 1876 2433 super
1917 2355 2017 2415 his
2056 2357 2619 2433 pronumptiatum
2663 2373 2879 2416 coram
2916 2353 3119 2425 vobis,
3151 2374 3550 2434 cognoscere.

1086 2452 1259 2514 Alias
1300 2453 1445 2514 dico
1487 2472 1619 2514 non
1661 2471 1845 2532 posse
1900 2472 2019 2513 vos
2071 2453 2156 2512 ad
2212 2454 2640 2531 cognitionem
2696 2453 3124 2530 suspitionum
3182 2453 3540 2530 procedere.

1085 2550 1315 2623 Quare,
1359 2551 1415 2610 si
1457 2549 1741 2611 Belforte
1781 2556 1849 2611 et
1889 2552 2123 2613 fratres
2162 2550 2396 2612 nolunt
2435 2548 2796 2628 procedere,
2842 2555 2995 2628 peto
3037 2569 3139 2610 me
3189 2549 3436 2611 absolvi
3475 2556 3548 2611 et

1082 2650 1256 2727 ipsos
1282 2648 1760 2727 condempnari.
1793 2648 1935 2708 Act.
1978 2649 2047 2709 in
2090 2651 2284 2710 domo
2325 2654 2394 2708 et
2435 2648 2613 2708 curia
2654 2646 2857 2726 plebis
2898 2648 2980 2708 de
3022 2647 3244 2709 Monte
3287 2647 3542 2708 Vultra-

1082 2748 1196 2807 rio,
1284 2746 1649 2807 Paltonerio
1689 2747 1827 2807 eius
1868 2748 2212 2832 preposito,
2258 2746 2490 2806 Guitto
2529 2746 2742 2806 iudice
2783 2747 3092 2806 comunis.
3140 2743 3376 2806 Iacobo
3404 2755 3544 2807 not.

1081 2851 1163 2906 tt.
1248 2844 1537 2906 Ventura
1577 2843 1941 2906 Trinchetti
1982 2845 2136 2924 imp.
2180 2844 2326 2906 aule
2369 2850 2504 2906 not.

1403 2943 1666 3004 Florem.
1696 2942 1848 3004 Ast.
1881 2943 2076 3019 (Volt.
2118 2962 2181 3003 π.
2210 2943 2357 3019 206)
2398 2943 2570 3020 Oriq.

1083 3241 1223 3302 395.
2125 3237 2300 3297 Goito
2345 3241 2475 3312 (am
2517 3238 2811 3312 Mincio),
2855 3237 2938 3298 20
2975 3236 3322 3314 September
3362 3237 3550 3299 1220·

1203 3336 1683 3397 Fridericus
1729 3335 1810 3396 II
1853 3337 2009 3413 imp.
2055 3336 2364 3395 Benzium
2411 3334 2489 3396 de
2533 3334 2771 3398 Sancto
2802 3336 3075 3396 Miniato
3108 3335 3382 3395 iudicem
3414 3335 3548 3396 ord.

1081 3442 1151 3495 et
1194 3434 1525 3512 publicum
1566 3440 1702 3494 not.
1746 3435 2105 3494 constituit.

1410 3532 1673 3593 Florem
1716 3531 1869 3592 Ast.
1914 3532 2112 3608 (Volt.
2156 3552 2219 3592 n.
2264 3531 2412 3608 207)
2456 3529 2872 3607 qleichzeitiqe
2912 3533 3066 3608 Gop.
3163 3531 3283 3590 Ed.
3319 3530 3548 3592 Ficker

1410 3629 1506 3690 IV
1527 3628 1676 3690 ·318
1702 3650 1763 3690 n.
1794 3629 1934 3690 282.
1964 3628 2116 3705 Req.
2149 3629 2335 3691 B.·F.
2367 3630 2547 3689 1162.

1085 3926 1221 3985 396.
2637 3922 2819 3995 Rom,
2862 3922 2944 3983 12
2987 3921 3321 3982 November
3361 3922 3542 3984 1220.

1208 4023 1628 4084 Honorius
1684 4021 1817 4081 III
1874 4041 1920 4082 s,
1980 4022 2306 4083 Michaelis
2365 4022 2916 4094 Discalciatorum,
2976 4040 3026 4082 s,
3084 4019 3411 4081 Michaelis
3465 4020 3550 4083 de

1088 4122 1305 4199 Burgo
1347 4119 1495 4181 abb.
1543 4121 1789 4181 Pisanis
1833 4129 1901 4180 et
1947 4118 2236 4196 (Iacobo)
2284 4119 2665 4198 archipresb.
2711 4118 2888 4179 Vult.
2977 4117 3279 4179 Belfortis
3313 4124 3382 4180 et
3420 4117 3548 4180 fra·

1086 4224 1217 4280 tres
1258 4219 1429 4278 cives
1472 4217 1650 4278 Vult.
1682 4218 1994 4295 petitione
2027 4222 2489 4286 monstrarunt,
2521 4215 2716 4294 quod,
2747 4234 2892 4275 cum
2923 4216 3013 4275 eis
3040 4233 3300 4276 causam
3332 4214 3543 4293 appel·

1086 4316 1344 4378 lationis
1399 4318 1569 4377 inter
1617 4317 1791 4392 ipsos
1838 4320 1905 4376 et
1948 4334 2221 4376 comune
2265 4314 2440 4374 Vult.
2488 4313 2542 4375 V
2587 4311 2914 4374 mensibus
2963 4319 3030 4373 et
3087 4312 3364 4390 amplius
3415 4312 3550 4372 iam

1084 4415 1315 4491 elapsis
1356 4415 1765 4480 commiserit,
1812 4415 1932 4490 ipsi
1974 4433 2102 4474 non
2149 4419 2612 4490 processerunt.
2659 4410 2947 4481 Mandat,
2980 4415 3302 4489 quatenus
3330 4426 3543 4487 proce·

1083 4512 1264 4584 dant,
1302 4531 1377 4571 ne
1414 4510 1698 4571 Belforte
1733 4518 1799 4571 et
1827 4509 2060 4570 fratres
2103 4516 2420 4588 cogantur
2460 4529 2575 4587 pro
2618 4508 2871 4568 deiectu
2917 4506 3163 4567 iustitie
3202 4505 3415 4567 denuo
3455 4503 3544 4565 la-

1084 4607 1326 4668 borare.
1424 4608 1777 4668 «Belfortis
1819 4615 1883 4667 et
1907 4629 1953 4668 υ.
2042 4606 2193 4666 Dat.
2243 4607 2545 4666 Laterani
2587 4605 2655 4664 11
2697 4606 2785 4665 id.
2830 4623 3003 4676 nov„
3049 4608 3232 4680 pont.
3276 4600 3352 4665 V.

1404 4705 1665 4766 Florenz
1709 4705 1862 4764 Ast.
1910 4704 2104 4778 (Volt.
2151 4723 2212 4763 n.
2259 4703 2406 4780 208)
2449 4703 2619 4779 Oriq.
2669 4702 2886 4778 (Bulla
2927 4701 3247 4775 verloren).
