4000 5700
1123 443 1231 497 264
1768 446 2217 501 REGESTUM
2253 446 2941 503 VOLATERRANUM

1124 639 1535 702 Bellincionis
1564 642 1915 702 secundum
1943 641 2320 703 electionem
2350 642 2431 703 de
2471 661 2549 704 eo
2575 643 2822 705 factam
2852 663 2963 722 per
2992 663 3261 706 comune
3289 644 3464 705 Vult.
3504 646 3583 706 In

1126 739 1482 799 continenti
1511 737 1912 800 Guillielmus
1954 739 2256 801 Belfortis
2296 741 2509 812 iudex,
2556 741 2926 803 Pannochia
2982 742 3360 823 Bonaguide
3412 746 3586 822 capi-

1125 842 1355 896 taneus
1381 836 1587 914 partis
1620 835 1994 898 Guelforum
2023 837 2104 898 de
2130 837 2333 910 Vult„
2366 838 2731 901 Bernardus
2760 838 3007 902 Ghinus
3040 841 3319 913 Ranerii‚
3348 841 3591 903 Trutta
3640 888 3643 889 ν

1127 934 1405 1005 Ranerii‚
1450 933 1598 994 Pice
1643 934 2037 1012 Bonaguide,
2082 935 2371 997 Andreas
2425 937 2711 1009 sindicus,
2774 938 3022 999 Bindus
3077 946 3237 1011 not„
3281 937 3591 1001 Salamon

1123 1036 1284 1103 not.,
1326 1029 1670 1092 Consortus
1713 1031 2057 1105 Fortuccii,
2106 1032 2504 1095 Guillielmus
2559 1035 2639 1095 de
2693 1055 2741 1095 s.
2786 1033 3072 1109 stefano,
3134 1036 3403 1098 Raecius
3457 1037 3590 1098 Ra-

1125 1130 1301 1202 nerii,
1347 1114 1583 1190 G'rillus
1625 1128 2032 1191 Bartiuccius
2076 1132 2501 1206 Provinciani,
2548 1131 2851 1194 Fort-inus
2899 1140 2966 1193 et
3021 1135 3129 1194 alii
3171 1134 3342 1195 dicte
3381 1136 3591 1213 partis

1125 1246 1341 1287 coram
1369 1226 1609 1287 vicario
1638 1228 2156 1291 contradicentes
2184 1229 2647 1308 supplicarunt,
2676 1233 2984 1311 quatinus
3004 1252 3132 1293 non
3156 1233 3587 1308 confirmaret;

1125 1325 1179 1386 si
1220 1324 1647 1398 confirmaret,
1691 1345 1824 1388 non
1865 1345 2051 1404 posse
2079 1327 2308 1399 caveri,
2340 1330 2498 1406 quin
2527 1330 2885 1389 maximum
2914 1330 3270 1409 periculum
3299 1332 3593 1392 civitatis

1123 1429 1515 1501 sequeretur.
1561 1425 1851 1487 Vicarius
1892 1424 2049 1486 fecit
2087 1426 2475 1505 responderi,
2517 1426 2694 1505 quod
2738 1426 2999 1491 volebat
3044 1428 3368 1490 mandatis
3422 1431 3592 1507 regis

1124 1520 1335 1583 Catuli
1378 1521 1655 1583 obedire.
1740 1523 1886 1584 Act.
1931 1523 2111 1585 Vult.
2156 1524 2220 1584 in
2261 1524 2388 1602 pal.
2434 1526 2743 1586 comunis.
2851 1525 3367 1597 MCCLXVIIII,
3410 1526 3590 1586 XIII

1123 1618 1275 1691 ind„
1321 1618 1463 1680 IIII
1518 1619 1644 1681 kal.
1702 1620 1830 1682 feb.
1931 1620 2215 1683 Gerardo
2269 1622 2350 1683 de
2405 1622 2795 1685 Montaione.
2853 1623 3076 1684 Nardo
3130 1626 3266 1685 eius
3313 1625 3361 1685 f.
3419 1625 3592 1687 Pace

1123 1717 1541 1794 stipendiario
1586 1719 1801 1779 vicarii
1821 1719 1927 1800 [tt.
2015 1720 2283 1799 Vignale
2323 1720 2405 1781 de
2448 1720 2700 1781 Palaria
2743 1721 2851 1800 qd.
2902 1722 3162 1783 Ranerii
3214 1722 3406 1783 iudex
3449 1722 3589 1783 ord.

1125 1821 1188 1875 et
1233 1820 1365 1877 not.

1442 1914 1707 1976 Florenz
1747 1916 1901 1976 Ast.
1949 1917 2143 1992 (Volt.
2188 1916 2351 1978 1269
2390 1918 2429 1977 Ι
2471 1916 2572 1980 29.
2616 1937 2679 1977 n.
2726 1916 2872 1993 883)
2916 1916 3089 1995 oriq.

1130 2161 1268 2222 790.
2638 2166 2937 2237 Vona,
2967 2166 3049 2227 22
3089 2166 3367 2227 Februar
3405 2166 3589 2228 1270.

1241 2259 1756 2337 MCCLXVIIIL
1801 2262 1931 2323 ind.
1974 2262 2170 2334 XIII,
2217 2261 2421 2323 XXII
2460 2262 2586 2324 feb.
2684 2263 2901 2324 Cerius
2954 2263 3034 2323 de
3091 2263 3328 2326 Sancto
3371 2265 3586 2326 Gemi-

1124 2358 1320 2420 niano
1360 2358 1554 2420 iudex
1596 2365 1665 2420 et
1703 2379 1981 2421 assessor
2022 2366 2093 2421 et
2114 2379 2286 2421 nunc
2317 2361 2689 2421 vicarius
2730 2359 2943 2421 Vult.
2989 2362 3298 2433 comunis,
3329 2363 3489 2421 anzi·
3496 2362 3586 2422 ini

1122 2455 1364 2534 populi,
1410 2457 1750 2517 consiliarii
1794 2457 2038 2518 consilli
2080 2458 2391 2535 generalis
2431 2463 2498 2517 et
2543 2457 2734 2518 XXV
2776 2463 2845 2519 et
2901 2457 3034 2519 XX
3090 2458 3239 2520 boni
3295 2460 3590 2521 homines

1121 2554 1385 2614 consilio
1426 2554 1716 2616 adiuncti
1756 2555 2047 2617 fecerunt
2108 2557 2464 2617 Venturam
2521 2562 2654 2617 not.
2716 2563 3197 2636 procuratorem
3253 2556 3337 2617 ad
3391 2578 3589 2636 expo-

1121 2650 1405 2711 nendum
1468 2671 1684 2713 coram
1742 2653 2029 2715 Iohanne
2086 2653 2420 2715 Brictaudi
2474 2655 2676 2715 milite
2732 2654 2996 2716 domino
3036 2654 3117 2715 de
3165 2655 3490 2734 Naugerio
3516 2658 3589 2733 ¹)¹

1122 2748 1351 2810 Karuli
1393 2751 1553 2829 regis
1597 2749 1804 2812 Sicilie
1846 2754 1910 2812 in
1954 2751 2186 2813 Tuscia
2216 2752 2455 2813 vicario
2482 2752 2759 2831 generali
2790 2753 3200 2813 necessitates
3230 2755 3295 2813 in
3324 2754 3587 2815 comuni

1123 2847 1298 2909 Vult.
1342 2850 1640 2927 precipue
1694 2853 1861 2909 circa
1916 2869 2231 2929 guerram,
2290 2850 2546 2923 famem,
2599 2851 2946 2923 caristiam,
2989 2857 3055 2910 et
3098 2852 3183 2912 ad
3224 2850 3588 2929 supplican-

1123 2946 1299 3018 dum,
1344 2950 1419 3005 ut
1458 2946 1580 3007 sibi
1627 2947 1880 3026 placeat
1921 2967 2191 3008 comune
2233 2968 2364 3009 non
2404 2950 2607 3009 teneri
2651 2947 2826 3008 tallie
2858 2947 3157 3016 militum,
3190 2949 3473 3027 alioquin
3507 2947 3591 3010 ad

1123 3046 1629 3106 renunciandum
1674 3046 1864 3105 tallie.
1970 3045 2115 3106 Act.
2161 3045 2338 3106 Vult.
2385 3047 2449 3105 in
2505 3046 2755 3123 palatio
2812 3048 3121 3106 comunis.
3228 3046 3591 3108 Bencivene

1124 3150 1259 3203 not.
1285 3141 1391 3220 qd.
1417 3143 1808 3204 Bariccionis
1835 3150 1903 3203 et
1934 3136 2404 3221 Baschiera'qd.
2437 3144 2685 3204 Alberti
2708 3151 2787 3203 tt.
2862 3142 3288 3205 Ildebrandus
3320 3151 3589 3204 vocatus

1127 3240 1372 3301 Bindus
1413 3240 1458 3301 f.
1503 3241 1830 3302 Sismondi
1868 3248 2004 3303 not.

1443 3340 1700 3400 Florcnz
1745 3339 1894 3400 Ast.
1944 3339 2133 3415 (Volt.
2180 3339 2342 3400 1269
2383 3340 2462 3398 ΙΙ
2505 3341 2606 3410 22,
2651 3361 2711 3399 τι.
2760 3339 2903 3414 884)
2949 3339 3118 3416 Oriq.

1128 3578 1262 3639 791.
2656 3577 2924 3656 Pistoja‚
2968 3578 3051 3639 25
3089 3578 3369 3639 Februar
3408 3577 3591 3637 1270.

1243 3676 1439 3735 Conni
1482 3674 1523 3735 f.
1560 3677 1914 3737 Bonacursi
1943 3676 2224 3735 sindica-2
2263 3678 2635 3736 comunis
2677 3674 2894 3736 Vult.
2940 3675 3368 3734 instrumento
3398 3671 3590 3733 Bindi

1121 3779 1257 3834 not.
1302 3772 1348 3833 f.
1394 3771 1716 3834 Sismondi
1759 3792 1974 3833 coram
2018 3771 2304 3832 Iohanne
2355 3771 2671 3833 Brctaudi
2722 3773 2888 3851 regis
2946 3769 3180 3832 Karuli
3235 3772 3302 3830 in
3356 3770 3592 3830 Tuscia

1125 3872 1363 3930 vicario
1407 3870 1694 3950 generale
1737 3877 2137 3950 protestatus
2176 3870 2323 3942 fuit,
2368 3870 2544 3949 quod
2583 3869 2849 3931 nolebat·
2890 3888 3160 3929 comune
3206 3868 3472 3944 obligari
3504 3867 3589 3926 ad

1119 3969 1502 4029 solutionem
1539 3968 1906 4028 faciendam
1951 3968 2263 4028 militibus
2318 3968 2488 4038 tabe,
2550 3987 2696 4027 cum
2762 3967 3052 4026 homines
3104 3966 3284 4027 Vult.
3328 3972 3591 4043 propter

1121 4083 1412 4143 guerram
1456 4073 1525 4124 et
1566 4067 1890 4126 caristiam
1935 4064 2314 4124 victualium
2355 4066 2488 4125 sint
2529 4065 2598 4124 in
2640 4069 2834 4125 tanta
2877 4064 3259 4123 necessitate
3299 4068 3367 4121 et
3393 4060 3586 4132 fame,

1121 4162 1294 4241 quod
1337 4163 1718 4224 solutionem
1764 4165 1968 4224 facere
2014 4184 2139 4224 non
2183 4170 2464 4241 possent.
2508 4162 2939 4224 Renuntiavit
2983 4161 3225 4221 vicario
3253 4161 3585 4221 civitatem

1118 4262 1381 4340 eiusque
1423 4262 1803 4328 custodiam,
1853 4264 2250 4321 renuntiavit
2292 4261 2444 4322 talie
2488 4262 2766 4321 militum
2811 4267 2877 4319 et
2931 4259 3235 4319 solutioni
3280 4260 3583 4337 ipsorum.

1119 4360 1260 4417 Act.
1310 4360 1561 4419 Pistorii
1605 4362 1672 4420 in
1713 4362 1963 4436 porticu
2008 4361 2157 4420 cccl.
2203 4380 2250 4418 s.
2306 4359 2758 4419 Bartholomei.
2864 4356 3181 4418 Grifolino
3246 4356 3453 4416 iudice
3507 4356 3586 4416 de

1269 4666 1309 4726 ¹)
1353 4665 1540 4722 Niga»
1581 4666 1725 4726 Oriy.
