4000 5700
1055 537 1432 594 REGESTU
1436 541 1501 595 M
1539 543 1591 596 V
1595 542 2226 598 OLATERRANUM
2763 546 2867 648 2—13

419 633 1074 642 -.-.-———-.-—-———-————
1387 638 1662 644 -—-.-—-—-

418 735 558 794 926.
1897 740 2227 818 (Florem),
2272 741 2352 801 16
2390 742 2649 803 Januar
2689 742 2868 803 1286.

535 830 1042 905 MCCLXXXV,
1087 833 1215 895 ind.
1261 833 1488 908 XIIII,
1535 835 1807 897 Honorii
1833 836 1975 896 IIII
2005 843 2184 916 pont.
2217 838 2615 910 1,XV11an.
2685 840 2868 900 Com·

414 929 789 1008 parentibus
829 930 895 990 in
937 930 1173 990 iudicio
1214 951 1431 993 coram
1472 933 1780 995 Fidantia
1820 934 2029 995 iudice
2071 955 2111 996 a
2151 936 2301 997 sede
2343 956 2444 1014 ap.
2469 936 2762 1015 delegato
2805 946 2873 998 ct

416 1026 831 1107 subdelegato
875 1048 915 1088 a
953 1028 1147 1089 Petro
1191 1029 1638 1091 archidiacono
1681 1030 2031 1111 Spoletano
2072 1032 2312 1113 collega
2354 1053 2470 1094 suo
2498 1033 2764 1097 Cambio
2791 1035 2871 1095 de

414 1124 597 1186 Sesto
638 1134 1052 1204 procuratore
1093 1126 1351 1205 plebani
1395 1135 1461 1188 et
1503 1130 1770 1209 capituli
1813 1150 1858 1190 s.
1902 1129 2131 1192 Lazari
2171 1131 2336 1194 Flor.
2384 1132 2547 1194 dioc.
2579 1140 2645 1193 et
2674 1136 2868 1212 magi-

411 1228 547 1283 stro
589 1221 877 1285 Iohanne
919 1225 998 1285 de
1028 1225 1190 1285 Pisis
1219 1233 1629 1304 procuratore
1659 1230 1946 1289 comunis
1967 1228 2168 1301 Vult.‚
2200 1229 2503 1292 Cambius
2532 1231 2876 1292 substituit

415 1327 858 1398 procuratores
911 1341 1061 1383 suos
1116 1325 1497 1403 magistrum
1552 1325 1973 1387 Lambertum
2028 1327 2109 1387 de
2150 1326 2432 1389 Civitate
2486 1328 2746 1390 Castelli
2805 1335 2872 1390 et

416 1418 733 1480 Blancum
773 1419 1182 1481 domicellum
1224 1429 1292 1481 et
1333 1421 1714 1484 familiarem
1769 1423 1989 1485 fratris
2044 1424 2333 1487 Latini
2388 1426 2870 1488 Hostiensis

415 1525 481 1578 et
520 1517 929 1603 velletrensis
968 1539 1067 1597 ep.
1118 1519 1362 1595 (card).
1447 1521 1750 1583 Nicolaus
1791 1521 2099 1603 Raynerii
2139 1524 2219 1584 de
2268 1524 2690 1603 Interampna
2730 1532 2866 1585 not.

738 1617 1154 1695 Trans-sumpt
1196 1618 1267 1676 in
1308 1637 1370 1677 n.
1419 1618 1558 1679 927.

413 1813 551 1876 927.
2112 1816 2289 1888 Rom,
2335 1818 2411 1877 21
2458 1817 2647 1894 April
2686 1817 2865 1879 1286.

537 1911 840 1990 Magister
895 1908 1367 1970 Bernardus
1424 1909 1768 1973 Iohannini
1819 1930 1956 1972 can.
2018 1912 2474 1992 Agathensis¹)
2531 1912 2870 1976 causarum

413 2027 660 2069 camere
704 2025 869 2085 pape
912 2007 1220 2085 generalis
1262 2007 1541 2068 auditor.
1625 2007 1951 2070 Noveritis
1994 2029 2111 2071 nos
2173 2011 2404 2072 vidisse
2452 2012 2584 2072 duo
2636 2014 2867 2073 instru-

416 2114 652 2177 menta,
683 2126 810 2185 que
850 2106 1186 2167 inserimus
1209 2107 1276 2184 ²).
1381 2108 1522 2169 Act.
1569 2109 1775 2170 Rome
1820 2111 1992 2189 apud
2035 2129 2080 2171 ε.
2114 2109 2438 2171 Sabinam.
2509 2111 2674 2172 XXI
2712 2131 2868 2191 apr.‚

417 2203 953 2277 MCCLXXXVI,
997 2205 1126 2295 ind.
1172 2203 1404 2275 XIIII,
1438 2204 1708 2268 Honorii
1735 2207 1878 2267 IIII
1907 2213 2086 2287 pont.
2132 2207 2186 2267 Ι.
2270 2208 2580 2288 Magistro
2621 2209 2870 2271 'Pboma

414 2300 495 2360 de
533 2297 782 2360 Esoulo.
830 2297 1112 2358 Berardo
1156 2297 1472 2359 Dominiei
1516 2298 1597 2358 de
1639 2300 1888 2380 Aquila.
1934 2301 2271 2361 Leonardo
2309 2301 2485 2362 Petri
2520 2308 2656 2363 not.
2689 2302 2867 2363 audi·

413 2398 569 2456 toris
611 2401 689 2456 tt.
776 2392 1079 2456 Nicolaus
1123 2395 1431 2473 Raynerii
1472 2397 1552 2456 de
1595 2397 2017 2476 Interampna
2060 2404 2192 2458 not.

733 2492 998 2553 Florem
1038 2490 1190 2552 Ast.
1239 2492 1431 2567 (Volt.
1477 2494 1639 2554 1286
1679 2494 1778 2555 IV
1823 2494 1925 2567 22,
1980 2512 2047 2554 n.
2092 2494 2276 2571 1192)
2335 2496 2506 2572 Oriq.
2567 2497 2891 2576 (sigillum·

733 2609 979 2650 camere
1019 2590 1079 2650 d.
1127 2609 1313 2667 pape,
1344 2590 1459 2651 das
1485 2593 1556 2651 in
1584 2592 1688 2651 der
1724 2591 2023 2652 Urkunde
2051 2591 2318 2653 enodhnt
2345 2594 2516 2665 wird,
2550 2595 2866 2670 verloren).

412 2787 552 2846 928.
2113 2787 2290 2861 Rom,
2335 2788 2416 2850 22
2460 2789 2649 2867 April
2688 2790 2864 2852 1286.

532 2885 837 2965 Magister
880 2883 1349 2945 Bernardus
1377 2905 1515 2945 can.
1549 2884 1932 2961 Agathensis
1961 2887 2028 2962 ¹),
2060 2906 2397 2947 causarum
2430 2905 2681 2948 camere
2701 2908 2867 2968 pape

411 2983 732 3061 generalis
760 2981 1032 3042 auditor.
1119 2981 1363 3042 Notum
1407 2981 1678 3042 facimus
1718 3002 1835 3043 nos
1879 2983 2113 3043 vidisse
2162 2984 2410 3044 litteras
2452 2987 2757 3064 prepositi
2802 2994 2869 3047 et

412 3080 677 3158 capituli
718 3079 880 3140 Flor.
903 3080 971 3156 ⁸),
1016 3097 1176 3156 quas
1218 3079 1303 3139 ad
1344 3080 1723 3139 instantiam
1779 3079 2000 3140 Iacobi
2043 3080 2146 3159 qd.
2192 3080 2578 3158 Flammingi
2619 3084 2869 3161 syndici

408 3178 581 3239 Vult.
641 3179 929 3239 comunis
985 3176 1326 3239 transcribi
1381 3178 1849 3238 mandavimus.
1891 3175 1898 3182 ’
1943 3178 2084 3239 Act.
2131 3178 2337 3240 Rome
2380 3180 2554 3259 apud
2596 3199 2642 3241 s.
2688 3181 2867 3242 Sabi-

409 3297 563 3338 nam
606 3277 672 3336 in
711 3276 937 3336 eadem
978 3272 1125 3336 eccl.
1211 3274 1532 3355 Magistris
1574 3275 1919 3337 Thomasio
1961 3276 2044 3336 de
2100 3276 2332 3337 Esculo
2375 3286 2441 3336 et
2485 3276 2745 3338 Matheo
2787 3279 2866 3338 de

411 3374 662 3436 Piscina
706 3378 783 3434 tt.
890 3372 1426 3442 MOCLXXXVI,
1483 3373 1610 3434 ind.
1664 3373 1892 3442 XIIII,
1940 3374 2144 3434 XXII
2201 3395 2359 3453 apr„
2405 3374 2676 3436 Honor-ii
2726 3376 2866 3436 IIII

411 3477 586 3549 pont.
635 3472 683 3532 I.
769 3471 998 3550 Petrus
1042 3471 1344 3549 Raynerii
1390 3471 1468 3530 de
1509 3469 1956 3532 Monteehiello
1996 3478 2134 3534 not.

730 3568 993 3630 Florenz
1035 3567 1184 3628 Ast.
1233 3567 1421 3643 (Volt.
1465 3589 1528 3628 η.
1573 3568 1759 3644 1193)
1790 3568 1963 3645 Oriy.
1998 3569 2296 3646 (sigillum
2328 3590 2574 3631 camere
2603 3570 2667 3632 d.
2700 3591 2866 3649 pape

729 3667 814 3727 ad
856 3686 1081 3727 causas
1122 3666 1411 3738 verloren,
1457 3667 1566 3725 wie
1611 3668 1678 3727 in
1723 3686 1781 3725 n.
1829 3666 1995 3740 927).

410 3866 546 3924 929
2123 3862 2329 3936 Gedri,
2375 3863 2455 3923 15
2496 3864 2646 3924 Mai
2686 3864 2862 3926 1286.

528 3961 778 4039 Ningus
818 3961 924 4039 qd.
970 3960 1208 4021 Andrie
1249 3959 1328 4019 de
1372 3959 1616 4020 Ceddre
1656 3959 1940 4020 sindicus
1979 3961 2270 4021 comunis
2326 3960 2406 4020 de
2449 3961 2693 4023 Ceddre
2740 3961 2867 4022 fuit

412 4057 736 4119 confessus
779 4058 1088 4119 Barzecto
1129 4063 1262 4116 not.
1306 4057 1412 4135 qd.
1460 4056 1729 4135 Galgani
1769 4056 1850 4117 de
1878 4054 2052 4116 Vult.
2084 4057 2330 4119 sindico
2373 4060 2744 4120 comunis
2774 4060 2867 4120 de

407 4155 621 4216 Vult.
666 4175 782 4235 pro
823 4155 929 4215 III
970 4154 1052 4214 de
1095 4153 1237 4212 IIII
1281 4152 1574 4231 partibus
1615 4161 1682 4214 et
1723 4154 2049 4214 Thomaso
2103 4155 2183 4215 de
2227 4155 2521 4216 Luoardo
2562 4156 2670 4234 qd.
2718 4155 2866 4217 Bal·

407 4253 737 4314 dovinecti
774 4272 893 4331 pro
933 4259 1172 4330 quarta
1211 4253 1497 4311 homines
1541 4253 1711 4311 dicte
1755 4251 1901 4311 ville
1943 4250 2175 4311 debere
2216 4271 2352 4312 esse
2395 4254 2652 4313 comuni
2689 4254 2862 4314 Vult.

405 4356 472 4411 et
514 4350 839 4411 Thomaso
878 4349 1056 4409 dicta
1082 4348 1361 4421 ratione;
1391 4348 1706 4409 subibunt
1733 4368 1852 4427 pro
1879 4350 2137 4409 comuni
2179 4349 2355 4409 Vult.
2381 4350 2602 4410 omnia
2626 4350 2866 4410 honera

404 4456 472 4508 et
513 4448 710 4508 datia.
796 4448 940 4508 Act.
987 4448 1051 4507 in
1093 4446 1238 4506 eccl.
1286 4446 1448 4507 ville.
1533 4445 1920 4507 Trencuccio
1976 4446 2079 4524 qd.
2126 4446 2434 4525 Raynerii
2492 4449 2742 4508 comitis
2783 4447 2865 4507 de

554 4755 594 4818 ¹)
635 4754 785 4815 Aqde
825 4755 884 4801 in
921 4753 1361 4812 Sae'idjrankreich.
1463 4752 1506 4814 ἱ’)
1545 4753 1701 4799 Sieha
1741 4769 1792 4799 n.
1836 4755 1937 4801 934
1977 4752 2089 4799 un‘l
2136 4755 2245 4797 959.
2360 4751 2403 4814 ²)
2444 4753 2601 4800 Siehe
2646 4768 2697 4800 n.
2742 4755 2861 4804 9:32.
