4000 5700
1082 533 1524 588 REGESTUM
1562 532 2245 587 VOLATERRANUM
2785 531 2895 585 195

440 731 708 810 signano
751 734 848 791 est
889 729 1173 807 episcopi
1213 728 1412 802 Vult„
1441 732 1518 787 ut
1546 729 1914 789 continetur
1941 729 2008 788 in
2033 727 2381 808 privilegiis
2409 747 2596 807 pape,
2626 733 2696 789 et
2721 727 2896 807 quod

441 827 501 888 b.
548 847 632 888 m.
674 847 772 907 ep.
816 825 1295 904 Ild(ebrandus)
1340 826 1579 903 recepit
1608 825 1864 886 fodrum
1892 826 1973 886 de
2001 830 2217 887 castro
2257 832 2323 886 et
2348 825 2443 886 ibi
2474 826 2695 905 posuit
2726 845 2894 906 pres·

441 925 720 987 biterum
759 926 829 986 in
869 922 1020 985 eccl.
1064 925 1256 984 castri
1298 943 1339 984 a
1380 921 1573 983 XXV
1616 922 1800 983 annis
1827 922 2015 995 circa,
2045 927 2113 982 et
2141 922 2494 1002 Pag(anus)
2537 942 2636 1002 ep.
2680 924 2896 1003 posuit

440 1023 648 1102 presb.
693 1019 1127 1094 Sinibaldum;
1172 1021 1446 1082 duorum
1480 1017 1761 1081 fontium
1787 1019 1855 1080 in
1882 1024 2096 1081 strata
2118 1019 2381 1097 publica
2405 1039 2605 1100 prope
2633 1019 2896 1100 Bulgari

441 1139 570 1180 una
609 1139 808 1200 prope
849 1118 1085 1179 Biboni
1126 1137 1242 1197 pro
1282 1117 1655 1197 episcopatu
1685 1114 1887 1188 Vult„
1919 1116 2121 1178 altera
2147 1136 2264 1197 pro
2291 1116 2590 1180 Massano
2617 1117 2741 1179 sibi
2761 1138 2895 1180 esse

444 1219 715 1292 videtum
748 1223 1037 1294 tempore
1064 1215 1503 1277 translationis
1530 1215 1902 1278 monasterii
1928 1214 2011 1275 de
2037 1214 2456 1276 Monteverde
2489 1214 2617 1275 fuit
2642 1215 2734 1277 ibi
2759 1216 2894 1276 Ma·

441 1316 630 1376 theus
669 1334 811 1375 can.
856 1312 1028 1376 Vult.
1056 1317 1124 1390 ¹).

765 1412 922 1474 Volt.
973 1409 1210 1473 AVesc.
1255 1410 1409 1470 ohne
1452 1409 1757 1487 Siqnatur
1800 1409 1971 1487 Oriy.
2023 1410 2348 1489 (Minuta).
2432 1411 2614 1472 Liber
2654 1411 2892 1472 iuriam

759 1510 837 1570 51
843 1509 856 1528 '
896 1510 994 1569 cit.

441 1707 581 1766 576.
2471 1704 2891 1782 (1212·1239).

560 1803 722 1882 Pag
739 1821 938 1864 anus
979 1821 1080 1881 ep.
1125 1799 1299 1863 Vult.
1346 1801 1665 1874 omnibus,
1708 1801 1822 1881 qui
1861 1804 1928 1863 in
1968 1801 2139 1862 festo
2177 1802 2641 1881 assumpcionis
2680 1822 2730 1863 s.
2756 1802 2893 1864 Vir·

438 1901 602 1980 ginis
642 1900 880 1962 devote
918 1900 1316 1972 accesserint,
1363 1899 1483 1960 XL
1524 1897 1662 1960 dies
1700 1898 2125 1961 criminalium
2182 1905 2252 1959 et
2296 1903 2601 1978 quartam
2641 1905 2892 1980 partem

439 1996 787 2060 venialium
814 1997 1197 2069 relaxamus,
1232 1996 1624 2058 addicientes
1652 1996 1718 2057 X
1746 1996 1881 2057 dies
1909 1995 2306 2075 indulgentie
2333 1995 2457 2057 illis
2485 1995 2619 2057 XX
2646 1997 2891 2072 diebus,

440 2113 602 2174 quos
630 2093 802 2155 card.
848 2091 1207 2155 Pandulfus
1228 2096 1273 2169 ⁹)
1316 2093 1634 2153 relaxavit
1676 2092 2172 2155 advenientibus
2212 2093 2280 2154 in
2321 2092 2490 2155 festo
2526 2094 2895 2156 nativitatis

438 2198 507 2254 et
546 2211 596 2254 s.
640 2191 976 2271 Ugonis⁸).

768 2289 929 2353 Volt.
964 2288 1181 2367 ACap.
1229 2309 1291 2349 n.
1335 2289 1457 2350 193
1496 2288 1672 2367 Oriq.
1719 2289 1955 2351 AVese.
1999 2291 2168 2368 App.
2218 2310 2270 2350 s.
2314 2289 2505 2350 XIII
2545 2291 2701 2368 Pau.
2745 2310 2811 2352 n.
2856 2291 2892 2350 1

439 2389 610 2467 Oriq.
659 2388 879 2466 (dieses
922 2389 1032 2448 mit
1072 2382 1756 2464 Payans‘hc‘inqendem
1804 2386 2257 2465 Wachcsieyel).

441 2587 577 2649 577.
2471 2583 2892 2660 (1212-1239).

559 2684 935 2762 Paganus
975 2699 1074 2759 ep.
1106 2680 1278 2741 Vult.
1309 2680 1550 2740 clericis
1578 2686 1646 2740 et
1672 2680 1848 2742 laicis
1875 2700 1987 2759 per
2016 2681 2463 2760 episcopatum
2502 2681 2891 2742 constitutis.

441 2783 596 2845 Cum
628 2779 853 2842 tabula
884 2782 1185 2859 argentea
1215 2777 1298 2837 ad
1328 2778 1632 2840 honorem
1662 2778 1785 2839 Dei
1806 2785 1873 2840 et
1893 2798 1939 2840 s.
1966 2778 2243 2859 Virginis
2265 2777 2608 2860 completa,
2631 2779 2742 2842 sed
2765 2800 2894 2842 non

437 2879 669 2953 soluta,
692 2880 891 2940 immo
913 2898 952 2937 a
983 2875 1371 2957 quibusdam
1401 2877 1770 2939 detineatur
1796 2879 1863 2938 in
1890 2878 2156 2958 pignore
2183 2877 2488 2959 obligata,
2520 2879 2895 2942 nuntiamus

436 2998 553 3038 nos
595 2976 893 3038 omnibus
933 2994 1051 3055 pro
1079 2978 1213 3036 eius
1247 2976 1729 3054 recuperatione
1753 2973 2139 3055 elymosinas
2167 2975 2584 3038 offerentibus
2610 2974 2734 3038 XL
2757 2976 2894 3039 dies

435 3075 518 3135 dc
557 3073 918 3154 penitentia
958 3074 1277 3144 relaxare3
1322 3071 1584 3151 insuper
1609 3072 1928 3145 omnibus,
1962 3075 2073 3150 qui
2101 3091 2232 3134 non
2260 3093 2339 3134 ex
2369 3078 2546 3146 voto,
2576 3072 2690 3135 sed
2715 3093 2893 3137 man·

437 3173 594 3234 dato
636 3176 940 3233 tenentur
980 3171 1205 3231 limina
1242 3188 1323 3230 ss.
1368 3169 1544 3229 Petri
1585 3174 1653 3229 et
1695 3169 1897 3242 Pauli,
1941 3169 2182 3243 Iacobi,
2242 3170 2569 3232 Michaelis
2611 3171 2891 3243 visitare,

438 3272 485 3333 si
517 3270 676 3349 quid
704 3271 996 3341 offerant,
1042 3268 1401 3329 iniunctum
1438 3266 1561 3328 iter
1588 3266 2041 3329 condonamus.
2072 3268 2317 3329 Littere
2346 3268 2624 3341 valeant,
2661 3287 2892 3347 quous·

437 3387 562 3448 que
601 3366 896 3428 debitum
936 3367 1037 3429 CC
1076 3364 1185 3427 lib.
1233 3365 1357 3428 Pis.
1402 3384 1550 3427 nov.
1590 3365 1753 3445 nigr.
1795 3364 2077 3444 plenarie
2116 3367 2202 3427 sit
2243 3367 2545 3427 solutum.

764 3463 901 3524 Volt
929 3462 1150 3540 AGap.
1180 3462 1383 3522 n.194
1411 3461 1585 3540 Oriq.
1619 3461 1835 3540 (Form
1859 3462 1966 3523 der
1990 3462 2376 3541 piipetliclzen
2415 3463 2667 3538 litterae,
2690 3463 2896 3542 Sieqel

756 3561 1048 3633 verloren,
1090 3558 1544 3636 Hanlsehnur).

439 3756 579 3816 578.
1978 3754 2163 3826 Colle,
2206 3756 2288 3818 25
2326 3756 2672 3834 September
2711 3757 2890 3818 1239.

555 3852 1157 3926 MOCXXXVIIII,
1181 3853 1308 3914 VII
1329 3852 1454 3915 kal.
1474 3860 1620 3925 oct„
1637 3853 1769 3913 ind
1794 3853 1988 3914 XIII.
2060 3854 2497 3933 Teglarius
2524 3853 2894 3916 Ildebrandi

436 3950 730 4012 Adimari
796 3957 1179 4030 potestas
1247 3949 1536 4023 Collis,
1609 3950 1968 4025 consiliarii,
2036 3951 2289 4013 adiunti
2350 3957 2489 4014 tam
2555 3952 2894 4032 populares

436 4067 632 4127 quam
673 4045 920 4109 nobiles
962 4045 1279 4107 dederunt
1320 4046 1645 4108 licentiam
1690 4048 2004 4126 potestati
2043 4051 2113 4108 et
2145 4049 2405 4109 comuni
2432 4046 2657 4111 Sancti
2682 4048 2891 4111 Gemi-

435 4146 613 4207 niani
639 4142 919 4207 faciendi
956 4144 1332 4206 societatem
1371 4164 1519 4206 cum
1562 4146 1823 4207 comuni
1848 4144 1929 4206 de
1957 4145 2200 4208 casulis
2228 4146 2582 4208 secundum
2617 4148 2892 4208 formam

436 4243 764 4315 insertam,
807 4241 988 4303 salva
1030 4243 1339 4304 societate
1394 4244 1635 4323 scripta
1689 4262 1887 4304 manu
1929 4243 2249 4323 Pelagotti
2305 4246 2443 4305 not.
2495 4246 2575 4306 de
2616 4242 2786 4306 Colle
2825 4253 2895 4306 et

434 4339 712 4402 Maurini
754 4347 889 4402 not.
934 4342 1017 4403 de
1044 4339 1284 4402 Sancto
1311 4339 1695 4403 Geminiano
1720 4341 1890 4402 inter
1918 4343 2222 4402 comunia
2248 4341 2330 4403 de
2359 4342 2530 4406 Colle
2559 4348 2627 4403 et
2654 4342 2894 4405 Sancto

584 4562 623 4625 ¹)
668 4565 835 4614 Unter
873 4565 1221 4615 Tramlation
1260 4565 1393 4614 wohl
1429 4567 1516 4615 die
1538 4565 1897 4628 Einlia’hrunq
1922 4568 2013 4616 der
2037 4566 2477 4617 Gamalduleneer
2513 4583 2580 4617 zu
2611 4569 2892 4628 versulam,

439 4654 567 4704 iiber
601 4655 757 4702 deren
782 4654 1073 4716 Zeitpunkt
1100 4655 1200 4704 wir
1228 4654 1401 4704 niehts
1424 4656 1632 4704 missen.
1671 4655 1925 4704 Matheus
1952 4656 2022 4705 ist
2052 4657 2187 4706 1179
2211 4654 2589 4706 naohweiebar.
2669 4657 2710 4720 ει)
2736 4656 2892 4706 Sielm

437 4742 563 4790 o‘mn
590 4757 641 4792 n.
671 4743 789 4792 243.
890 4741 931 4804 ³)
960 4741 1184 4803 Biechos
1208 4758 1311 4792 von
1345 4742 1597 4799 Vo⁷terra,
1625 4742 1887 4803 qestorben
1928 4745 1959 4793 8
1995 4743 2302 4806 September
2341 4745 2496 4794 1184.
