4000 5700
1062 502 1508 558 REGESTUM
1547 503 2237 559 VOLATERRANUM
2777 505 2889 558 323

393 694 594 768 'tibus
615 698 982 761 decernant.
1093 718 1122 757 e
1147 698 1276 761 Sua
1316 697 1502 760 nobis
1522 720 1567 759 t.
1682 699 1834 760 Dat.
1866 698 2076 760 Rome
2105 699 2280 776 apud
2309 718 2356 759 s.
2387 698 2657 760 Mariam
2688 701 2883 760 maio·

419 816 554 857 rem
597 796 734 857 XII
775 796 899 857 kal.
946 798 1095 868 ian„
1137 801 1318 876 pont.
1363 796 1451 856 II.

749 894 902 957 Voce.
950 894 1186 956 AVesc.
1231 914 1280 954 s.
1325 893 1514 955 XIII
1554 894 1675 955 dec.
1711 893 1751 953 9
1789 912 1852 954 n.
1888 895 1966 954 70
1994 894 2164 972 Oriq.
2194 894 2408 969 (Bulla
2434 895 2720 955 veo-lorea.
2752 894 2887 971 Aut

738 993 843 1052 der
883 991 1214 1054 Riickseite
1258 992 1322 1053 C.
1368 992 1450 1052 de
1492 990 1733 1055 Sancto
1775 991 2200 1069 Geminiano).

421 1188 556 1246 949.
2135 1187 2311 1259 Rom,
2357 1187 2438 1247 15
2476 1187 2664 1249 Mc'irz
2702 1187 2882 1249 1290.

539 1282 932 1344 Nicolaus
977 1283 1083 1345 IV
1144 1285 1342 1362 priori
1380 1283 1462 1344 de
1504 1284 1903 1365 Tassignano
1947 1285 2097 1345 Luc.
2143 1285 2307 1345 dioc.
2405 1284 2684 1346 Nuntiat
2737 1303 2884 1345 con·

417 1386 717 1459 questum
759 1400 891 1442 esse
934 1380 1275 1441 Matheum
1333 1379 1541 1460 presb.
1587 1382 1732 1442 eccl.
1778 1382 1859 1441 de
1901 1402 1948 1441 s.
1992 1381 2357 1453 Mustaiola,
2400 1381 2578 1461 quod
2632 1383 2883 1444 univer-

414 1479 639 1540 sitates
678 1488 1042 1539 castrorum
1087 1479 1169 1538 de
1211 1477 1663 1540 Monteiosculi
1705 1484 1774 1538 et
1813 1478 1893 1538 de
1922 1478 2195 1539 Fabrica
2221 1477 2393 1540 Vult.
2424 1480 2583 1540 dioc.
2615 1479 2701 1540 ad
2732 1479 2880 1540 eccl.

417 1574 731 1636 hostiliter
771 1575 1148 1636 accedentes
1193 1575 1613 1644 frumentum,
1658 1575 1902 1645 vinum,
1948 1594 2216 1653 pannos,
2263 1575 2478 1648 boveS,
2521 1577 2879 1654 pecuniam,

416 1671 540 1732 alia
584 1677 1015 1750 asportarunt.
1063 1671 1352 1744 Mandat,
1398 1673 1709 1749 quatinus
1748 1691 2013 1732 causam
2056 1674 2265 1734 usuris
2320 1672 2718 1734 cessantibus
2773 1674 2881 1734 de·

416 1770 610 1841 cidat,
655 1770 1110 1832 universitates
1152 1775 1374 1831 autem
1413 1789 1545 1831 non
1586 1771 1711 1832 nisi
1748 1769 1832 1831 de
1873 1770 2184 1832 mandato
2225 1770 2484 1851 speciali
2518 1788 2882 1832 excommu-

417 1867 587 1929 nicet
627 1869 727 1929 vel
771 1868 1118 1930 interdicto
1162 1869 1444 1930 innodet.
1529 1888 1559 1928 α
1579 1868 1990 1947 conquestus
2029 1873 2129 1930 est
2147 1890 2191 1929 ι».
2276 1869 2429 1930 Dat.
2472 1868 2681 1929 Rome
2706 1869 2883 1951 apud

414 1986 461 2027 s.
505 1966 776 2027 Mariam
818 1967 1126 2028 maiorem
1170 1967 1251 2027 id.
1299 1975 1505 2035 mart„
1550 1973 1729 2046 pont.
1775 1965 1899 2027 III.

751 2063 898 2125 Volt.
947 2063 1168 2141 ACap.
1213 2084 1275 2124 n.
1320 2064 1443 2125 289
1483 2064 1654 2141 Oriq.
1702 2064 1914 2140 (Bulla
1953 2085 2040 2125 an
2080 2064 2533 2142 Hans-schum).

417 2261 552 2319 950.
2023 2258 2282 2331 Orvieto,
2326 2260 2363 2319 1
2405 2258 2661 2319 Oktober
2698 2259 2876 2320 1290.

533 2357 594 2417 N
611 2358 934 2417 icolaus
975 2355 1084 2416 IV
1126 2357 1426 2436 episcopo
1456 2358 1498 2432 ¹)
1545 2356 1774 2416 Pistor.
1862 2356 2155 2427 Mandat,
2185 2357 2493 2435 quatinus
2521 2376 2614 2426 ea,
2646 2376 2771 2436 que
2797 2356 2879 2416 de

415 2454 599 2516 bonis
638 2455 723 2515 ad
765 2473 1055 2515 mensam
1099 2473 1198 2534 ep.
1242 2454 1417 2515 Vult.
1463 2453 1906 2533 spectantibus
1936 2452 2217 2514 alienata
2246 2455 2581 2525 invenerit,
2609 2475 2742 2515 non
2766 2453 2879 2515 ob-

413 2552 738 2615 stantibus
778 2552 1006 2614 litteris
1049 2552 1570 2625 renuntiationis,
1617 2552 1818 2629 penis,
1861 2552 2255 2620 iuramentis,
2286 2552 2881 2614 confirmationibus

413 2652 581 2713 sedis
620 2670 721 2729 ap.
768 2651 888 2712 sub
929 2650 1143 2712 forma
1198 2652 1545 2724 communi,
1591 2650 1676 2710 ad
1732 2651 2196 2728 proprietatem
2257 2669 2472 2713 mense
2527 2658 2786 2713 revocet
2809 2652 2877 2725 ²).

414 2769 441 2807 (ι
462 2749 563 2808 Ad
604 2748 1000 2808 audientiam
1026 2768 1070 2808 ».
1159 2745 1309 2807 Dat.
1355 2747 1530 2824 apud
1579 2745 2112 2808 Urbemveterem
2167 2746 2292 2807 kal.
2338 2753 2484 2819 oct.‚
2529 2752 2705 2826 pont.
2751 2746 2875 2807 III.

744 2844 898 2908 Volt.
945 2844 1182 2908 AVeaee.
1226 2857 1275 2904 3.
1319 2843 1507 2904 XIII
1550 2843 1673 2905 dec.
1720 2843 1760 2904 8
1798 2864 1861 2904 n.
1907 2843 1987 2906 83
2028 2843 2198 2922 Oriq.
2233 2844 2444 2922 (Buue
2483 2845 2796 2922 verloren).

414 3043 550 3100 951.
1345 3040 1546 3100 Sama
1590 3038 1778 3100 Croce
1819 3041 1910 3100 im
1955 3040 2238 3114 Arnotal,
2281 3042 2362 3102 17
2405 3041 2660 3103 Oktober
2697 3042 2877 3103 1290.

534 3137 1043 3208 MOCLXXXX,
1087 3137 1218 3198 ind.
1277 3136 1445 3208 1111,
1506 3136 1704 3198 XVII
1747 3143 1872 3199 oct.
1980 3137 2345 3216 Hugolinus
2400 3139 2480 3201 de
2535 3138 2743 3200 Senne
2797 3140 2877 3200 de

413 3235 751 3296 Ubaldinis
790 3235 1119 3297 confessus
1158 3235 1285 3296 fuit
1327 3254 1393 3294 se
1441 3234 1738 3297 habuisse
1780 3235 2027 3298 litteras
2070 3256 2110 3297 a
2151 3237 2424 3297 Tadeo
2481 3236 2561 3298 de
2603 3236 2878 3298 Donatis

413 3338 847 3411 potestate
890 3333 1105 3394 Vult.
1150 3338 1218 3394 et
1262 3332 1647 3398 Andrea.de
1686 3332 2037 3395 Acharisiis
2076 3333 2158 3394 de
2190 3335 2369 3395 Senis
2397 3336 2737 3414 capitaneo
2765 3355 2877 3414 po-

411 3430 544 3509 puli
587 3429 757 3491 Vult.
779 3431 850 3506 ⁸);
894 3431 1282 3508 quicumque
1325 3428 1619 3499 voluerit,
1663 3448 1780 3489 suo
1823 3432 2081 3509 proprio
2123 3431 2472 3509 proiudicio
2500 3433 2589 3492 ire
2617 3433 2873 3494 debeat.

413 3529 552 3588 Act.
579 3529 752 3608 apud
782 3527 1090 3590 Sanctam
1120 3528 1409 3588 Crucem.
1495 3527 1710 3587 Vanni
1740 3527 1936 3588 Benci
1959 3528 2183 3608 populi
2210 3548 2257 3589 s.
2284 3528 2592 3590 Iohannis
2620 3531 2877 3592 maioris

411 3631 481 3687 et
509 3626 765 3687 'Marino
806 3627 887 3686 dc
931 3624 1329 3687 Pianvallico
1371 3631 1449 3685 tt.
1536 3625 1780 3704 Helyas
1823 3625 2085 3686 Henrici
2128 3626 2210 3686 de
2252 3625 2577 3688 Risanteri
2620 3634 2752 3688 not.

733 3723 997 3783 Florenz
1041 3722 1198 3782 Ast.
1246 3722 1438 3796 (Volt.
1484 3721 1964 3799 n.1235)0n·q.

412 3920 548 3979 952.
2047 3916 2342 3987 Volterra,
2386 3919 2467 3980 27
2506 3919 2556 3979 J
2558 3920 2655 3980 uli
2696 3921 2873 3981 1291.

532 4018 587 4077 A
605 4037 668 4078 m
684 4016 756 4077 al
774 4017 889 4077 ric
908 4037 950 4076 u
966 4036 998 4077 s
1039 4017 1503 4095 primogenitus
1543 4017 1826 4094 Amet-igi
1879 4017 1923 4076 d
1939 4036 1975 4076 e
2038 4015 2099 4075 N
2116 4015 2254 4076 erb
2270 4034 2367 4076 on
2382 4037 2442 4089 a,
2500 4017 2873 4095 capitaneus

411 4116 689 4177 militum
731 4115 886 4177 talie
925 4114 1251 4176 societatis
1293 4114 1536 4183 Tuscie‚
1581 4115 1922 4176 constituit
1962 4113 2258 4175 Riccium
2300 4113 2739 4177 Ildebrandini
2793 4115 2871 4176 de

408 4214 581 4275 Vult.
612 4218 972 4291 presentem
999 4216 1479 4291 procuratorem
1509 4212 1594 4272 ad
1621 4211 1972 4291 petendum
2001 4217 2070 4272 et
2098 4212 2529 4291 recipiendum
2552 4232 2593 4273 a
2619 4231 2871 4274 camera

559 4447 599 4511 ¹)
637 4445 864 4494 Thome.
939 4445 1020 4494 E'r
1055 4445 1216 4494 stand
1255 4461 1322 4493 zu
1354 4444 1598 4494 Volterra
1633 4444 1696 4492 in
1731 4459 1903 4506 enqen
1939 4444 2334 4506 Bezielumaen,
2372 4446 2446 4494 da
2481 4461 2537 4495 cr
2573 4447 2733 4496 Prior
2769 4463 2873 4496 von

411 4534 801 4596 Montalpruno
841 4535 952 4584 und
988 4533 1431 4583 Domkanom'ker
1471 4548 1574 4582 von
1622 4532 1860 4581 Volterra
1899 4547 2136 4594 chesen
2166 4549 2295 4592 war,
2332 4533 2475 4583 siche
2511 4534 2643 4584 oben
2664 4551 2718 4586 n.
2752 4539 2870 4596 740,

406 4623 578 4672 Eubel
612 4623 711 4672 sub
748 4623 897 4672 verbo
937 4621 1152 4683 Pialeia
1191 4622 1304 4670 und
1331 4621 1651 4670 Davideohn
1679 4621 2065 4682 Forschunqen
2091 4623 2162 4671 II
2193 4623 2295 4672 236
2320 4638 2374 4671 n.
2405 4625 2558 4674 1301.
2672 4625 2715 4687 ²)
2738 4624 2874 4674 olei·

406 4712 536 4761 chen
572 4711 786 4761 Inhalte
823 4713 922 4760 wie
959 4711 1092 4760 oben
1129 4726 1181 4759 n.
1223 4711 1344 4760 933.
1527 4711 1573 4773 ὃ·)
1619 4708 1814 4771 Weqcn
1862 4710 1954 4760 dea
1990 4711 2252 4760 zwisalten
2290 4711 2513 4760 Florem
2550 4713 2667 4762 und
2710 4714 2867 4786 Pisa,
