4000 5700
1144 446 1253 499 256
1797 439 2238 495 REGESTUM
2278 436 2835 492 VOLATERRAN
2844 435 2961 489 ΠΜ

1143 645 1468 720 potestate
1509 638 1708 709 Vult„
1751 636 1931 717 quod
1971 637 2075 698 die
2116 636 2280 696 iovis
2319 640 2787 714 representaret
2829 634 3096 695 Iuntam
3138 634 3482 713 plebanum
3517 634 3598 695 de

1141 736 1543 816 Lustignano
1584 754 1799 796 coram
1843 732 2191 795 Alberto
2231 752 2331 812 ep.
2374 732 2554 796 Vult.
2600 730 2704 793 vel
2743 733 2880 792 eius
2924 732 3160 793 vicario
3186 733 3257 794 in
3283 739 3492 794 castro
3516 731 3596 792 de

1142 833 1406 906 CasuliS,
1448 838 1517 895 et
1559 831 1648 892 ibi
1690 850 1787 909 ep.
1830 838 1897 891 et
1942 831 2219 892 vicarius
2259 849 2391 891 non
2431 835 2644 892 essent
2687 848 2802 890 nec
2845 830 3034 889 sciret
3075 829 3306 902 locum,
3348 830 3417 890 in
3470 849 3600 909 quo

1142 937 1356 992 essent
1396 950 1514 993 nec
1553 930 1678 991 sibi
1717 929 1914 990 fuerit
1947 928 2034 989 ab
2063 925 2279 1006 aliquo
2308 928 2689 1007 assignatus,
2723 926 2941 987 volens
2968 932 3345 1006 preceptum
3372 929 3601 1005 exequi

1141 1030 1611 1109 representavit
1651 1046 1801 1089 eum
1836 1026 1910 1087 in
1949 1026 2232 1088 claustro
2274 1024 2477 1103 plebis
2517 1025 2600 1085 de
2640 1024 2886 1087 casulis
2928 1042 3143 1085 coram
3199 1024 3600 1087 Bencivenne

1143 1126 1419 1208 plebano
1460 1125 1542 1186 de
1583 1125 1990 1204 villamagna
2029 1124 2330 1185 familiari
2367 1123 2637 1191 Albani,
2683 1123 2859 1203 apud
2887 1142 3085 1201 quam
3112 1122 3365 1202 plebem
3403 1142 3501 1201 ep.
3533 1130 3601 1183 et

1143 1225 1437 1293 vicariuS,
1482 1244 1628 1285 cum
1671 1229 1825 1284 sunt
1866 1224 1936 1284 in
1977 1230 2194 1283 castro
2233 1222 2314 1282 de
2355 1219 2621 1293 casulis,
2678 1228 3146 1283 consueverant
3201 1223 3599 1283 commorari.

1144 1322 1351 1383 Facta
1389 1320 1854 1400 representatio
1908 1338 2125 1380 coram
2182 1317 2472 1397 Galgano
2525 1338 2666 1379 can.
2724 1318 2952 1397 plebis.
3012 1319 3309 1381 Marcello
3360 1328 3603 1379 rectore

1144 1418 1295 1480 eccl.
1338 1418 1421 1480 de
1461 1418 1775 1479 Coronna.
1824 1417 2040 1478 Presb.
2087 1416 2366 1477 Ricardo
2406 1423 2475 1476 et
2515 1415 2784 1477 Cambio
2839 1416 3171 1495 Pegolocti
3224 1416 3306 1476 de
3360 1414 3603 1476 Casulis

1145 1524 1225 1577 tt.
1263 1517 1330 1576 in
1372 1516 1670 1577 claustro,
1754 1514 2047 1594 Ghingus
2090 1513 2365 1575 Albizini
2407 1513 2488 1575 de
2530 1512 2778 1575 Casulis
2817 1515 2966 1593 imp.
3013 1521 3182 1575 auct.
3225 1521 3363 1574 not.

1466 1613 1727 1674 Florenz
1769 1610 1920 1674 Ast.
1969 1611 2156 1688 (Vols.
2200 1631 2266 1673 n.
2311 1611 2455 1690 854)
2498 1612 2668 1689 Oriq.

1148 1810 1289 1872 767.
2643 1807 2966 1880 Μοηίίενί,
3009 1808 3091 1868 19
3133 1808 3383 1887 August
3420 1809 3599 1871 1266.

1269 1905 1663 1967 Albertus
1705 1905 1879 1968 Vult.
1925 1925 2024 1984 ep.
2067 1911 2137 1966 et
2177 1904 2616 1965 Bernardinus
2653 1905 2762 1984 qd.
2806 1905 3135 1985 Mangerii,
3178 1905 3466 1969 Guascus
3492 1908 3603 1987 qd.

1146 2004 1464 2067 Guilielmi
1508 2004 1588 2064 de
1632 2004 1864 2065 Roccis
1905 2004 2181 2064 filiorum
2221 2002 2510 2064 Tederioi
2548 2021 2666 2083 pro
2706 2022 2792 2076 se,
2853 2002 3176 2065 Bindoczo
3233 2004 3336 2085 qd
3394 2005 3603 2085 Rugo-

1147 2105 1329 2175 rocti,
1374 2101 1699 2163 Bindoczo
1741 2100 1846 2180 qd.
1890 2102 2154 2181 Ugoiini
2193 2100 2275 2169 de
2317 2101 2470 2180 ipsis
2512 2098 2762 2173 Remis,
2819 2102 3252 2165 instrumento
3304 2104 3606 2164 Mannelli

1150 2214 1308 2272 not„
1353 2199 1798 2271 MCCLXVII,
1842 2200 1974 2261 ind.
2020 2198 2243 2271 VIIII,
2288 2199 2464 2259 XIII
2504 2198 2627 2259 kal.
2671 2206 2836 2277 sept.
2867 2200 2911 2274 ¹)
2969 2200 3317 2261 secundum
3360 2221 3600 2262 morem

1150 2299 1301 2371 Pis„
1346 2299 1923 2376 compromiserunt
1965 2299 2032 2358 in
2073 2298 2449 2358 Rainerium
2493 2298 2795 2358 comitem
2844 2297 2950 2376 qd.
2994 2298 3247 2359 comitis
3302 2299 3604 2360 Manuelli

1148 2397 1229 2458 de
1270 2395 1427 2458 Ilcio
1470 2403 1537 2456 et
1581 2395 1886 2456 Pillinum
1927 2395 2034 2473 qd.
2080 2393 2403 2456 Guilielmi
2445 2395 2740 2457 Cornecti
2768 2395 2848 2455 de
2880 2395 3323 2458 Radicondola
3352 2397 3433 2458 ad
3464 2398 3604 2458 lites

1147 2497 1229 2557 de
1271 2501 1484 2557 castro
1525 2494 1993 2555 Monteoastelli
2040 2492 2372 2564 finiendam
2417 2513 2562 2571 pen.
2608 2493 2658 2555 C
2694 2512 2888 2554 marc.
2920 2513 3053 2574 arg.
3137 2495 3279 2556 Act.
3310 2496 3606 2557 Monterii

1149 2597 1215 2655 in
1256 2593 1462 2672 burgo
1500 2594 1568 2654 in
1609 2594 1806 2654 domo
1847 2591 2152 2664 Rainaldi
2193 2592 2488 2652 Bouiani.
2596 2592 2909 2653 Bertuldo
2963 2612 3103 2653 can.
3147 2594 3325 2654 Vult.
3383 2594 3601 2655 Benei·

1147 2710 1356 2752 venne
1396 2688 1674 2768 plebano
1714 2689 1796 2749 de
1836 2688 2244 2768 Villamagna
2283 2688 2453 2749 Flor.
2499 2689 2661 2751 dioc.
2707 2690 2996 2770 Ardingo
3037 2691 3245 2751 iudiee
3285 2692 3390 2771 qd.
3434 2690 3604 2755 Gulli

1148 2789 1229 2850 de
1270 2788 1448 2850 Vult.
1493 2787 1737 2848 Catello
1777 2787 1885 2868 qd.
1931 2787 2196 2850 Corradi
2237 2788 2473 2848 comite
2513 2787 2595 2847 de
2636 2785 3061 2869 Gangalandi.
3114 2790 3347 2851 Maffeo
3399 2789 3604 2851 iudice

1148 2893 1219 2947 et
1256 2892 1395 2948 not.
1451 2885 1497 2946 f.
1541 2884 1981 2947 Ildebrandini
2039 2886 2275 2947 Maffei.
2332 2886 2696 2965 Ugoccione
2753 2888 2858 2967 qd.
2910 2886 3468 2949 Ildebrandinuczi
3522 2893 3600 2948 tt.

1150 2982 1554 3052 MCCLXVL
1599 2982 1730 3043 ind.
1762 2982 1985 3056 VIIII,
2019 2983 2290 3058 XVIIII
2319 3003 2419 3063 ag.
2504 2985 2748 3063 Symon
2779 2984 2880 3065 qd.
2914 2985 3289 3046 Bontalonti
3318 2984 3397 3046 de
3424 2985 3600 3047 Vult.

1151 3086 1285 3141 not.
1329 3088 1555 3160 rogata
1597 3100 1711 3159 per
1750 3099 1851 3141 ser
1893 3078 2421 3141 Ildebrandinum
2465 3082 2805 3142 defuntum
2837 3082 2944 3160 qd.
2980 3083 3290 3145 Gherardi
3316 3082 3397 3142 de
3423 3080 3598 3143 Vult.

1152 3179 1592 3239 commissione
1637 3178 1881 3240 consilii
1923 3179 2237 3258 generalis
2277 3179 2452 3240 Vult.
3014 3162 3022 3170 ’

1473 3277 1739 3338 Florenz
1780 3277 1933 3337 Ast.
1982 3276 2175 3352 (Volt.
2220 3297 2281 3336 n.
2314 3277 2457 3354 851)
2485 3279 2608 3354 fast
2642 3278 3084 3358 qleichzeitiqes
3126 3281 3555 3360 Trans-sumpt.

1157 3471 1289 3532 768.
2650 3475 2969 3548 Montieri,
3015 3477 3097 3538 20
3141 3478 3386 3555 Auqust
3425 3481 3603 3541 1266.

1275 3568 1611 3629 Rainerius
1654 3586 1866 3627 comes
1909 3568 2017 3645 qd.
2063 3571 2318 3630 comitis
2358 3571 2661 3632 Manuelh'
2708 3572 2790 3632 de
2844 3571 3003 3634 Ilcio
3057 3582 3123 3634 et
3178 3575 3444 3640 Pillinus
3497 3579 3601 3658 qd.

1154 3663 1475 3727 Guilielmi
1517 3664 1811 3726 Cornecti
1842 3666 1919 3725 de
1950 3665 2397 3728 Radicondola
2439 3671 2894 3747 compositores
2939 3675 3255 3750 assumpti
3286 3695 3396 3753 per
3436 3697 3603 3738 com-

1152 3765 1534 3842 promissum
1577 3763 1661 3823 ab
1704 3763 2053 3824 Alberto
2093 3766 2267 3826 Vult.
2314 3786 2410 3844 ep.
2455 3772 2521 3828 et
2577 3768 2978 3832 Bernardiuo
3030 3770 3138 3849 qd.
3183 3775 3495 3853 Mangerii
3539 3782 3604 3835 et

1154 3859 1406 3922 Guasco
1448 3861 1557 3939 qd.
1603 3859 1923 3921 Guilielmi
1964 3860 2291 3924 nobilibus
2319 3865 2399 3924 de
2440 3865 2668 3926 Roccis
2698 3867 2972 3927 filiorum
3014 3869 3299 3930 Tederici
3329 3891 3602 3950 pronun·

1156 3960 1413 4030 tiamne,
1459 3959 1634 4037 quod
1676 3961 1842 4019 inter
1885 3966 2102 4038 partes
2130 3963 2215 4020 sit
2243 3969 2553 4039 perpetua
2596 3983 2742 4042 pax;
2789 3985 2889 4044 ep.
2921 3972 2988 4026 et
3019 3966 3260 4029 nobiles
3300 3969 3602 4043 habeant,

1158 4074 1280 4134 que
1320 4055 1633 4116 hactenus
1677 4055 2043 4116 habuerunt
2074 4058 2153 4117 de
2182 4059 2685 4132 Montecastello‚
2716 4081 2851 4121 rese
2854 4069 3044 4122 rvata
3070 4063 3257 4125 nobis
3284 4072 3607 4144 potestate

1156 4152 1506 4215 diffiniendi
1550 4153 1694 4214 lites
1736 4173 1925 4232 super
1953 4154 2271 4232 dampniS,
2302 4157 2795 4232 extorsionibus,
2826 4160 3396 4224 derobbationibus
3423 4165 3611 4226 factis

1155 4250 1241 4310 ad
1281 4250 1579 4322 invicem,
1624 4251 1943 4312 affictibus
1999 4254 2271 4313 extortis
2319 4274 2433 4332 per
2473 4275 2593 4332 ep..
2641 4258 2917 4335 signoria
2973 4261 3188 4332 castri,
3244 4260 3324 4320 de
3376 4263 3610 4340 quibus

1155 4369 1287 4410 non
1327 4349 1599 4410 dicimus
1640 4351 1725 4409 ad
1767 4370 2043 4427 presens.
2128 4353 2272 4412 Act.
2317 4353 2487 4430 apud
2536 4355 2923 4417 Monterium
2968 4359 3033 4417 in
3076 4358 3268 4419 domo
3310 4361 3610 4421 Rainaldi

1159 4446 1453 4507 Bouiani.
1538 4447 1944 4525 Boninsegna
1987 4448 2096 4526 qd.
2144 4450 2544 4530 Boninsegne
2587 4452 2668 4513 de
2710 4452 2951 4514 Sancto
3007 4455 3401 4519 GeminianO.
3447 4456 3611 4518 Gris-

1303 4649 1347 4714 ¹)
1387 4651 1526 4700 1266
1564 4651 1780 4714 Auqust
1821 4657 1912 4709 ΒΜ·
1955 4657 2088 4704 wohl
2124 4657 2213 4705 ein
2250 4658 2454 4706 lrrtmn
2494 4659 2571 4707 im
2615 4661 2991 4723 Tayesdatum.
