4000 5700
1107 558 1215 611 292
1749 554 2195 609 REGESTUM
2236 553 2911 608 VOLATERRANUM

1107 758 1174 812 et
1218 753 1302 813 ad
1344 751 1694 829 petendum
1739 749 2216 812 absolutionem
2257 749 2342 811 ab
2386 751 3050 811 excommunicatione
3092 755 3158 810 et
3198 746 3562 808 interdicto.

1106 849 1252 911 Act.
1296 849 1469 910 Vult.
1502 850 1569 911 in
1596 850 1838 927 palatio
1866 851 2172 911 comunis.
2257 847 2685 927 Singnorante
2714 847 2919 908 iudice
2948 855 3017 906 et
3046 864 3354 907 assessore
3382 846 3564 907 Vult.

1107 949 1413 1008 comunis.
1459 946 1799 1025 Frederigo
1842 955 1972 1007 not.
2017 945 2061 1006 f.
2107 946 2352 1024 Dughe.
2400 946 2741 1007 chheria
2784 945 3027 1006 Alba-rti
3071 949 3149 1004 tt.
3236 943 3563 1005 Ildebran·

1105 1044 1296 1106 dinus
1339 1052 1608 1106 vocatus
1653 1045 1899 1106 Bindus
1940 1045 2046 1125 qd.
2092 1043 2411 1105 Sismondi
2456 1050 2586 1106 not.

1429 1142 1684 1203 Florem:
1725 1142 1875 1204 Ast.
1922 1142 2107 1218 (Volt.
2154 1162 2213 1203 n.
2256 1142 2443 1218 1045)
2486 1142 2655 1219 Oriq.

1110 1359 1250 1418 865.
2710 1355 2920 1425 Frate,
2963 1356 3044 1417 13
3082 1355 3340 1416 ,Ianuar
3377 1354 3563 1416 1279.

1228 1455 1550 1518 Tebaldus
1578 1474 1714 1516 can.
1747 1456 1950 1534 plebis
1993 1476 2043 1515 s.
2077 1455 2389 1534 Stephani
2417 1455 2499 1515 de
2528 1455 2743 1523 Prat0,
2787 1453 3241 1534 subdelegatus
3270 1453 3565 1532 Alcampi

1107 1554 1415 1631 prepositi
1458 1553 1740 1614 eiusdem
1785 1551 2008 1631 plebiS‚
2053 1553 2220 1613 sedis
2275 1571 2377 1631 ap.
2437 1552 2664 1613 iudicis
2718 1548 3015 1629 delegati,
3074 1560 3142 1612 et
3195 1550 3566 1612 Tancredus

1108 1651 1281 1729 prior
1321 1670 1368 1709 s.
1412 1648 1611 1711 Marie
1654 1649 1733 1709 de
1774 1648 2053 1710 Castello
2095 1649 2324 1709 Pistor.
2369 1649 2554 1717 dioc..
2583 1648 3040 1727 subdelegatus
3082 1648 3390 1709 Ranuccii
3432 1647 3563 1728 ple·

1109 1747 1261 1808 bani
1304 1747 1507 1828 plebis
1550 1746 1754 1807 Castri
1807 1748 1853 1807 F
1856 1747 2154 1809 lorentini
2199 1748 2265 1807 in
2321 1767 2512 1808 causa
2569 1745 3016 1826 appellationis
3074 1749 3240 1809 inter
3292 1766 3567 1809 comune

1111 1846 1330 1908 Sancti
1374 1846 1732 1908 Geminiani
1761 1853 1830 1905 et
1860 1844 2035 1920 (Rai
2054 1847 2223 1906 neri
2243 1850 2392 1922 um)
2441 1864 2541 1923 ep.
2572 1845 2748 1906 Vult.
2779 1865 2925 1907 cum
2956 1845 3273 1906 Panfollia
3314 1865 3450 1908 can.
3480 1846 3566 1906 de

1108 1943 1280 2005 Colle
1321 1941 1497 2002 Vult.
1542 1942 1728 2011 dioc„
1771 1942 1911 2019 ipso
1971 1941 2302 2002 Panfollie.
2382 1926 2570 2002 ‘Licet
2625 1961 2740 2002 vos
2796 1943 3331 2020 requisiverimus,
3387 1943 3565 2020 quod

1108 2048 1317 2101 certos
1357 2058 1688 2119 processus
1714 2057 1827 2117 per
1855 2058 1972 2098 nos
1999 2037 2209 2099 factos
2236 2038 2640 2099 ratificat-etis
2669 2038 2788 2109 vel,
2829 2040 2877 2097 si
2911 2058 3056 2107 non,
3089 2039 3159 2099 in
3186 2044 3356 2100 terra
3382 2040 3565 2100 Prati

1107 2137 1285 2217 apud
1325 2137 1576 2215 plebem
1621 2134 1704 2196 ad
1744 2135 1801 2197 V
1843 2135 1978 2195 dies
2022 2141 2167 2214 post
2213 2137 2824 2213 representa-tionem
2853 2136 3211 2197 litterarum
3260 2137 3566 2197 adffisetis

1112 2235 1195 2297 ad
1236 2233 1709 2315 procedendum
1770 2232 2123 2301 nobiscum,
2182 2232 2465 2310 alioquin
2523 2234 2912 2295 auctoritate
2966 2234 3247 2294 clausule
3285 2234 3561 2312 «quodsi

1112 2352 1241 2394 non
1283 2351 1502 2392 omnes
1543 2338 1664 2392 etc.
1690 2352 1718 2390 ι»
1758 2330 2261 2410 procederemus
2307 2350 2422 2390 vos
2467 2350 2593 2391 non
2638 2330 2904 2393 venistis
2934 2351 3045 2391 nec
3073 2350 3335 2392 causam
3366 2333 3561 2411 impe·

1109 2429 1382 2490 dimenti
1425 2430 1814 2509 assignastis,
1859 2428 1971 2490 sed
2016 2429 2440 2507 rescripsisti&
2484 2429 2661 2507 quod
2704 2449 2818 2489 nos
2873 2429 3002 2491 duo
3057 2431 3562 2508 procederemus.

1109 2529 1354 2588 Tamen
1396 2528 1476 2589 de
1517 2527 1883 2588 curialitate
1925 2529 2145 2604 potius
2188 2546 2385 2604 quarn
2427 2526 2507 2587 de
2548 2529 2682 2588 iure
2728 2546 2840 2588 vos
2881 2528 3115 2588 iterum
3161 2531 3561 2607 requirimus,

1110 2625 1285 2703 quod
1327 2625 1555 2687 adsitis
1597 2631 1744 2703 post
1787 2625 2401 2702 representationem
2444 2624 2527 2684 ad
2571 2624 2636 2685 X
2689 2625 2845 2696 dies,
2889 2645 3036 2685 curn
3093 2645 3207 2705 per
3247 2628 3561 2687 sindicum

1110 2725 1399 2784 comunis
1441 2722 1732 2801 requisiti
1790 2741 1920 2782 non
1977 2723 2295 2800 possimus
2352 2725 2680 2801 negotium
2737 2723 3003 2784 ulterius
3058 2743 3415 2804 prorogare,
3459 2723 3565 2786 vel

1110 2840 1372 2884 causam
1414 2820 1858 2902 impedimenti
1903 2820 2290 2900 significetis
2377 2821 2527 2881 Dat.
2576 2821 2755 2881 Prati
2796 2819 3027 2884 XVIH
3070 2822 3219 2896 ian,
3258 2821 3387 2885 VH
3430 2823 3563 2885 ind.

1430 2920 1634 2980 Insert
1673 2920 1746 2979 in
1783 2938 1846 2980 n.
1892 2919 2028 2979 866.

1112 3109 1246 3168 866.
2298 3106 2473 3167 C'olle
2525 3105 2641 3167 Val
2678 3106 2920 3180 d’Elsa,
2963 3107 3046 3168 20
3084 3107 3340 3168 Januar
3378 3110 3561 3170 1279.

1231 3204 1776 3277 MCCLXXVIII,
1823 3205 1954 3265 XX
1997 3205 2146 3274 ian.,
2182 3204 2308 3266 VII
2352 3206 2479 3265 ind.
2564 3205 2956 3267 Curradinus
2983 3206 3133 3266 olim
3163 3207 3454 3268 Pantalei
3483 3208 3565 3268 dc

1110 3303 1349 3364 Sancto
1392 3303 1771 3366 Geminiano
1813 3305 2280 3380 representavit
2314 3302 2623 3365 Panfollie
2653 3322 2792 3363 can.
2826 3304 3027 3382 plebis
3054 3304 3135 3365 de
3163 3305 3335 3367 Colle
3364 3326 3558 3367 unum

1111 3420 1229 3480 par
1265 3399 1628 3461 litterarum
1672 3399 1983 3460 insertum
2012 3401 2093 3475 ¹);
2140 3419 2266 3478 que
2307 3397 2580 3476 sigillate
2622 3409 2809 3461 erant
2871 3401 3122 3463 duobus
3162 3404 3383 3483 sigillis
3422 3424 3565 3465 cere

1111 3497 1352 3557 viridis:
1380 3500 1444 3558 in
1466 3517 1594 3558 uno
1621 3505 1763 3558 erat
1787 3517 2024 3576 ymago
2051 3516 2098 3558 s
2132 3497 2330 3559 Marie
2358 3498 2654 3559 habentis
2677 3499 2918 3559 filium
2901 3519 2966 3559 in
2989 3499 3248 3562 brachio
3269 3507 3338 3562 et
3358 3503 3564 3562 ouius-

1111 3597 1261 3657 dam
1304 3595 1641 3674 presbiteri
1681 3597 1914 3656 stantis
1958 3595 2044 3655 ad
2087 3594 2289 3656 altare
2332 3603 2397 3656 et
2440 3597 2916 3676 circumscripte
2972 3599 3216 3660 littere:
3262 3602 3303 3676 †
3343 3599 3401 3661 S.
3445 3601 3563 3661 Te·

1113 3692 1283 3752 baldi
1312 3692 1390 3752 de
1420 3692 1815 3753 Guidalottis
1845 3713 1979 3753 can.
2014 3694 2278 3755 Pratens
2248 3695 2349 3753 exis.
2436 3694 2516 3755 In
2547 3695 2672 3754 alio
2700 3703 2840 3757 erat
2866 3715 3071 3774 agnus
3099 3696 3220 3757 Dei
3262 3704 3328 3756 et
3353 3698 3567 3758 littere

1113 3792 1620 3869 circumscripte:
1666 3792 1707 3866 †
1747 3789 1806 3850 S
1850 3791 1925 3850 T.
1973 3792 2199 3869 prioris
2241 3811 2286 3851 s.
2333 3791 2532 3852 Marie
2572 3792 2653 3852 de
2696 3793 2989 3854 Castello.
3077 3794 3164 3855 Et
3191 3795 3372 3856 dedit
3401 3798 3563 3858 Pan·

1110 3888 1281 3949 follie
1322 3890 1572 3969 copiam
1602 3888 2146 3968 subdelegationis
2187 3889 2472 3959 Tebaldi‚
2504 3896 2570 3950 et
2612 3892 2745 3968 ipse
2775 3892 3031 3970 recepit.
3115 3895 3305 3953 Act.
3288 3914 3353 3954 111
3394 3894 3569 3956 Colle

1112 3988 1179 4047 in
1223 3987 1503 4064 hospitio
1545 3986 1874 4046 Panfollie.
1962 3987 2153 4048 Chele
2185 3987 2335 4047 olim
2366 3988 2839 4050 Pretemartini.
2873 3986 3140 4050 Cursino
3170 3992 3317 4051 olim
3350 3992 3566 4054 Maffei

1108 4084 1189 4144 de
1233 4083 1403 4144 Colle
1443 4090 1524 4144 tt.
1610 4085 1887 4145 Iacobus
1930 4086 2081 4144 olim
2125 4085 2419 4146 Pantalei
2465 4093 2631 4148 auct.
2676 4087 2828 4165 imp.
2877 4088 3067 4149 iudex
3113 4097 3179 4148 et
3220 4096 3354 4150 not.

1432 4182 1694 4242 Florem
1740 4182 1886 4243 Ast.
1936 4181 2093 4254 (San
2139 4183 2520 4259 Gimiqmmo
2560 4184 2722 4245 1278
2767 4184 2802 4244 I
2844 4184 2948 4256 20)
2992 4186 3162 4263 Oriq.

1113 4478 1229 4528 aon
1264 4477 1580 4539 amaseam
1614 4477 1775 4528 scazo
1809 4477 1896 4527 zm·
1934 4463 2468 4541 Τανρεοηιφὸιιαιε.
2509 4481 2712 4531 σιω-ω
2750 4483 2833 4532 58.
2872 4482 2983 4533 Am
3038 4484 3063 4535 1
3096 4483 3378 4534 Damea-
3429 4486 3571 4536 1:279

1115 4566 1456 4616 vermiuelten
1493 4566 1717 4628 Bischos
1751 4566 1867 4616 und
1903 4567 2140 4617 Padum
2186 4569 2291 4617 den
2338 4568 2570 4619 medon
2616 4570 2877 4621 zwiechen
2910 4572 3017 4621 den
3066 4571 3407 4623 Ghs‘bellinen
3452 4576 3573 4626 und

1115 4655 1337 4715 Guelfen
1380 4655 1667 4704 Volcerrao:
1706 4655 1907 4705 Omina
1934 4657 2019 4706 67.
2094 4657 2509 4720 Rom-Busson
2530 4659 2601 4708 11
2628 4661 2681 4717 3,
2709 4661 2828 4710 169.
2854 4660 3081 4711 Demski
3108 4664 3225 4712 112.
3342 4664 3382 4725 ¹)
3404 4663 3573 4715 Sida·

1114 4760 1168 4793 n.
1209 4745 1328 4794 865.
