4000 5700
1106 418 1214 470 254
1751 414 2196 469 REGESTUM
2237 413 2919 467 VOLATERRANUM

1112 610 1245 671 759.
2690 608 2988 684 Per-uffa,
3032 608 3115 668 20
3154 606 3349 685 April
3390 607 3566 668 1265.

1226 707 1596 769 Clemens
1637 707 1670 767 1
1690 707 1747 768 V
1789 705 2104 766 universis
2146 705 2383 767 Christi
2410 705 2725 766 fidelibus.
2812 705 3102 776 Mandat,
3134 711 3228 778 ut,
3260 724 3408 766 eum
3439 724 3568 764 ma-

1106 806 1303 885 gister
1343 810 1412 865 et
1449 804 1681 865 fratres
1721 804 2059 882 hospitalis
2102 803 2183 864 de
2222 804 2678 882 Altopassu
2736 802 2911 864 nullo
2952 802 3165 863 medio
3206 803 3293 863 ad
3335 804 3569 863 Roma·

1105 922 1260 964 nam
1301 901 1451 963 eecl.
1497 900 1878 981 pertinentis
1919 910 2208 979 pontem,
2255 900 2367 981 qui
2421 919 2569 978 sepe
2623 898 3042 972 subvertitur,
3086 899 3441 970 refecerint,
3484 901 3573 960 eis

1110 998 1422 1061 auxilium
1463 999 1970 1061 subministrent.
2017 1000 2321 1078 Vestigiis
2365 998 2715 1058 Alexandri
2755 997 2936 1075 (ΙΙΙ).
2979 998 3161 1059 Lucii
3219 998 3398 1073 (III),
3454 999 3573 1058 Ur·
3650 1021 3657 1025 ·

1109 1098 1263 1160 bani
1305 1097 1483 1175 (ΙΙΙ),
1529 1097 1874 1159 Clementis
1935 1096 2114 1173 (ΠΙ),
2175 1094 2479 1156 Celestini
2538 1094 2718 1172 (ΙΙΙ),
2780 1095 3140 1156 Innocentii
3205 1094 3383 1171 (ΙΙΙ),
3442 1095 3572 1154 Ho-

1108 1196 1274 1257 norii
1316 1195 1495 1273 (ΙΙΙ),
1542 1196 1828 1273 Gregmii
1864 1194 2040 1272 (IX),
2074 1195 2430 1254 Innocentii
2473 1193 2635 1268 (IV),
2667 1193 3015 1254 Alexandri
3061 1192 3201 1271 (IV)
3233 1198 3301 1254 et
3327 1192 3577 1254 Urbani

1110 1293 1204 1355 IV
1230 1296 1273 1372 ¹)
1304 1292 1615 1363 inherens,
1647 1293 1790 1365 hiis,
1821 1293 1935 1372 qui
1963 1294 2058 1352 ita
2086 1291 2372 1360 fecerint,
2403 1290 2758 1352 dummodo
2788 1310 2934 1351 vere
2962 1290 3343 1352 confitentes
3378 1298 3445 1351 et
3472 1309 3575 1368 pe-

1111 1394 1394 1453 nitentes
1433 1391 1587 1463 sint,
1633 1391 1752 1452 XL
1795 1391 1932 1452 dies
1960 1390 2042 1450 de
2069 1389 2430 1468 penitentia
2458 1389 2728 1461 relaxat,
2759 1389 3163 1468 presentibus
3195 1397 3344 1467 post
3384 1390 3577 1451 trien·

1112 1490 1291 1550 nium
1333 1489 1598 1550 minime
1641 1488 1954 1551 valituris.
2054 1509 2082 1547 e
2106 1487 2432 1564 Partieeps
2475 1486 2852 1548 mercedis».
2954 1486 3111 1547 Dat.
3156 1487 3399 1548 Perusii
3440 1486 3577 1546 XII

1115 1587 1242 1648 kal.
1288 1588 1436 1659 mai,
1481 1594 1662 1666 pont.
1710 1586 1761 1647 Ι.

1441 1685 1593 1748 Volt.
1641 1684 1881 1746 AVeso.
1929 1684 2101 1761 App.
2146 1702 2194 1743 s.
2240 1682 2431 1743 XIII
2471 1703 2532 1742 n.
2582 1684 2618 1743 7
2661 1683 2830 1760 Oriq.
2880 1682 3087 1759 (Bulla
3126 1684 3439 1761 verloren).

1127 1869 1261 1932 760.
2762 1870 3084 1941 Μοπίἰενί,
3131 1871 3168 1931 1
3212 1870 3359 1931 Mai
3401 1872 3579 1932 1265.

1234 1965 1603 2038 MCCLXV,
1647 1965 1776 2028 kal.
1821 1967 1973 2039 mai,
2017 1966 2152 2027 ind.
2197 1966 2382 2027 VIII.
2470 1966 2799 2027 Dietavivi
2856 1967 2960 2047 qd.
3018 1968 3213 2029 Iunte
3267 1968 3348 2029 de
3401 1967 3583 2030 Senis

1120 2066 1504 2128 castellanus
1545 2066 1781 2126 cassari
1839 2064 1919 2124 de
1973 2065 2310 2134 Monterio,
2356 2071 2732 2142 procurator
2787 2065 3119 2128 Cristofori
3174 2066 3459 2128 Tolomei
3514 2074 3584 2128 et

1117 2163 1338 2226 Iacobi
1383 2162 1662 2225 Ranaldi
1703 2168 1770 2222 et
1812 2164 2129 2222 sociorum
2187 2171 2254 2222 et
2312 2161 2579 2224 Orlandi
2638 2164 3097 2241 Buonsignoris
3139 2170 3206 2223 et
3247 2166 3580 2237 sociorum,

1119 2263 1360 2340 recepit
1403 2282 1442 2320 a
1485 2258 1732 2321 Barella
1778 2279 1896 2338 pro
1942 2279 2008 2318 se
2050 2266 2118 2319 et
2162 2260 2455 2321 Ventura
2494 2268 2739 2320 rectore
2768 2259 2916 2321 eccl.
2948 2268 3015 2320 et
3046 2260 3342 2321 Ranaldo
3372 2263 3582 2322 Buon-

1120 2360 1369 2437 giannis
1418 2356 1924 2417 castaldionibus
1990 2356 2317 2416 Alberti
2374 2377 2473 2435 ep.
2522 2354 2697 2418 Vult.
2744 2357 2968 2420 CCXV
3014 2358 3119 2420 lib.
3166 2358 3310 2419 den.
3356 2358 3499 2420 Sen.
3545 2380 3585 2417 a

1120 2458 1440 2535 preteritis
1471 2455 1593 2514 kal.
1625 2463 1787 2533 sept.
1837 2453 1921 2514 ad
1964 2456 2303 2531 preteritas
2345 2454 2475 2515 kal.
2509 2456 2749 2522 marzii.
2783 2476 2898 2533 pro
2929 2476 3097 2518 anno
3126 2458 3435 2535 preterito
3462 2455 3581 2516 sol·

1123 2554 1366 2615 vendas
1409 2552 1666 2614 comuni
1707 2550 1971 2613 Senensi
2014 2571 2132 2631 pro
2161 2570 2414 2612 cassare
2442 2558 2509 2612 et
2538 2551 2742 2632 burgo
2771 2554 3093 2615 Monterii.
3180 2559 3324 2616 Aet.
3357 2557 3424 2617 in
3451 2575 3579 2615 eas·

1124 2671 1266 2711 saro
1308 2650 1386 2711 de
1428 2651 1766 2710 Monterio.
1853 2650 2265 2729 Boninsegna
2306 2649 2414 2728 qd.
2460 2649 2769 2712 Iohannis
2811 2651 2891 2712 de
2932 2652 3250 2713 Monterio
3290 2660 3423 2713 not.

1449 2747 1602 2808 Volt.
1651 2746 1888 2808 AVesc.
1937 2747 2107 2825 App.
2150 2767 2199 2808 8.
2232 2747 2419 2808 XIII
2464 2768 2524 2809 n.
2557 2748 2595 2807 6
2623 2749 2959 2827 Fraqment
2986 2751 3153 2812 eine-s
3187 2749 3583 2827 Rechnunqs·

1444 2845 1678 2907 buches.

1132 3011 1267 3074 761.
1989 3011 1998 3020 ’
2774 3015 3070 3093 Ρεντιςία,
3113 3017 3154 3077 3
3193 3018 3363 3078 Jum·
3404 3018 3585 3079 1265.
3618 3031 3633 3044 ·

1250 3110 1463 3172 ‘Mare
1507 3131 1812 3190 magnum
1858 3111 2260 3172 indultorum
2303 3113 2823 3175 mendicantibus
2865 3113 3347 3175 Predieatorum
3375 3123 3443 3176 et
3470 3115 3585 3175 Mi-

1127 3207 1418 3268 norum’.
1483 3206 1896 3289 Privilegium
1960 3207 2415 3270 Clementis
2488 3209 2688 3286 (IV).
2777 3211 3082 3272 «Virtute
3137 3214 3586 3290 conspicuos».

1128 3307 1282 3367 Dat.
1330 3307 1569 3368 Perusii
1612 3307 1716 3368 III
1765 3328 1908 3368 non.
1951 3308 2108 3380 iun„
2152 3315 2335 3386 pont.
2381 3309 2435 3369 I.

1449 3405 1712 3465 Florenz
1755 3405 1903 3465 Ast.
1951 3406 2134 3465 Liber
2174 3407 2417 3468 iurium
2459 3407 2557 3467 57'
2599 3407 2800 3485 Copia
2842 3407 3075 3483 Copiae
3130 3427 3180 3469 s.
3224 3408 3292 3468 X
3302 3409 3372 3471 V.
3470 3409 3587 3469 Ed.

1446 3500 1660 3579 Ripoll
1700 3501 2063 3563 Bullarium
2091 3502 2594 3564 Praedicatorum
2638 3505 2677 3564 I
2724 3504 2841 3564 152
2879 3525 2945 3564 n.
2990 3504 3044 3564 8.
3090 3504 3237 3582 Req.
3286 3506 3359 3566 P.
3390 3506 3593 3566 19175

1455 3600 1811 3676 (verqleiclze
1853 3600 2099 3678 18077).

1137 3749 1270 3812 762.
2576 3753 2873 3831 Peruyia‚
2916 3755 2997 3815 20
3038 3755 3373 3815 November
3414 3755 3591 3816 1265.

1116 3884 1122 3891 -
1253 3846 1667 3927 Privilegium
1710 3848 2161 3911 Clementis
2211 3850 2315 3911 IV
2360 3869 2475 3928 pro
2518 3850 2738 3911 ordine
2780 3851 3120 3914 Minoi-um.
3205 3852 3348 3911 «Ad
3378 3871 3591 3913 conse-

1134 3945 1526 4024 quendam».
1612 3947 1765 4007 Dat.
1815 3945 2059 4006 Perusii
2103 3946 2239 4006 XII
2282 3947 2407 4008 kal.
2454 3947 2610 4017 dee„
2654 3955 2836 4026 pont.
2882 3947 2936 4008 Ι.

1459 4045 1613 4106 Volt.
1638 4044 1877 4106 AVeso.
1908 4064 1956 4105 8.
1990 4044 2181 4105 XIII
2210 4047 2330 4106 dec.
2366 4047 2401 4105 7
2433 4065 2489 4105 22.
2522 4046 2603 4106 29
2630 4046 2799 4123 Oriq.
2829 4046 3034 4122 (Βαλίε
3054 4048 3365 4125 verloren.)
3434 4048 3591 4110 Edd.

1454 4142 1750 4204 Sbaralea
1771 4142 1853 4203 59
1874 4164 1934 4203 n.
1967 4143 2063 4203 57.
2160 4143 2463 4220 Waddinq
2492 4144 2594 4206 IV
2625 4144 2745 4205 526
2765 4165 2829 4204 n.
2854 4146 2950 4206 12.
3035 4145 3435 4209 Cha-abiail
3456 4146 3594 4208 132.

1456 4240 1862 4317 Coequelinee
1904 4241 2026 4302 III
2069 4241 2204 4302 446.
2290 4242 2649 4302 Bullarium
2698 4243 3055 4305 Romanum
3095 4244 3185 4305 ed.
3231 4244 3425 4306 Taur.
3474 4245 3599 4307 III

1462 4338 1595 4398 759.
1681 4340 1828 4415 Περ.
1873 4340 1949 4400 P.
1996 4340 2216 4398 19455.

1285 4534 1328 4599 ¹)
1365 4535 1672 4584 Ale-rander
1705 4537 1812 4585 III
1849 4537 1918 4584 ist
1956 4536 2062 4584 JL.
2107 4539 2296 4595 11s;l6‚
2329 4538 2415 4586 die
2453 4538 2737 4600 solqenden
2774 4539 3131 4602 bisG'elestin
3165 4542 3271 4591 III
3316 4543 3445 4592 sind
3494 4559 3602 4593 ver—

1139 4623 1302 4683 loren,
1341 4624 1607 4672 Innocenz
1646 4625 1750 4673 III
1789 4626 1858 4672 ist
1902 4641 2000 4673 con
2042 4627 2180 4676 119.)ι
2202 4627 2365 4687 April
2412 4628 2487 4675 32¹.
