4000 5700
1091 501 1535 558 REGESTUM
1570 501 2266 558 VOLATERRANUM
2811 504 2912 558 123

451 703 590 764 344.
2135 701 2313 776 Rom,
2344 702 2424 764 24
2452 700 2707 762 Januar
2735 702 2911 763 1217.

572 799 992 861 Honorius
1035 798 1168 859 III
1201 797 1519 875 (Alberto)
1551 817 1649 876 ep.
1672 803 1740 858 et
1770 796 2184 877 B(ernardo)
2186 818 2327 859 ean.
2359 800 2551 860 Mass.
2620 798 2912 871 Mandat,

449 904 777 977 quatenus
817 895 1157 958 arbitrium
1198 916 1238 956 a
1283 897 1613 972 (Mai-tino)
1656 915 1753 975 ep.
1786 902 1850 957 et·
1882 897 2327 973 (Cortesonno)
2365 898 2694 975 preposito
2735 896 2911 957 Aret.

452 994 621 1054 inter
672 991 1038 1071 (Paganu
1060 996 1161 1068 m)
1206 1011 1302 1071 ep.
1347 997 1415 1052 et
1456 993 1629 1053 oives
1670 992 1849 1054 Vult.
1896 992 2225 1071 prolatum
2271 992 2518 1054 faciant·
2565 992 2911 1054 observari.

450 1107 484 1150 e
504 1089 605 1151 Ex
645 1095 834 1169 parte
877 1088 1256 1151 venerabilis
1275 1109 1324 1150 ο.

772 1186 1037 1248 florem
1062 1185 1218 1247 Asa.
1266 1185 1457 1261 (Vou.
1503 1186 1665 1248 1217
1700 1186 1876 1248 VIII
1905 1187 2005 1260 12,
2048 1207 2115 1247 n.
2145 1188 2289 1266 170)
2335 1186 2530 1266 Copie
2570 1207 2687 1249 von
2727 1187 2910 1249 1217.

772 1282 890 1343 Ed.
923 1282 1073 1343 Levi
1100 1281 1299 1343 ASoc.
1329 1282 1507 1344 Rom.
1539 1281 1688 1343 XII
1715 1282 1857 1344 296.

453 1531 594 1592 345.
2502 1532 2606 1606 (M
2606 1551 2671 1591 m
2701 1531 2910 1606 1217).

576 1628 943 1690 Abbatibus
997 1649 1048 1690 s.
1107 1630 1305 1690 Marie
1358 1629 1526 1690 Flor.
1584 1635 1651 1690 et
1699 1650 1749 1689 s.
1808 1628 1980 1690 Salvi
2048 1629 2154 1690 Pa
2168 1633 2504 1710 g(anus)
2568 1626 2745 1690 Vult.
2811 1649 2909 1708 ep.

455 1726 855 1800 Iniunxistis,
899 1732 975 1787 ut
1015 1726 1086 1787 II
1127 1726 1289 1787 feria
1328 1732 1477 1805 post
1518 1733 1819 1787 octavam
1863 1729 2307 1805 pentecostes¹
2322 1732 2339 1804 )
2398 1726 2481 1786 ad
2524 1747 2640 1787 vos
2687 1746 2911 1806 proou-

450 1831 733 1886 ratorem
773 1827 1177 1886 mitteremus
1217 1843 1413 1903 supra
1466 1826 1900 1886 controversia
1943 1826 2113 1885 inter
2150 1845 2267 1886 nos
2307 1832 2375 1885 et
2421 1844 2693 1886 comune
2734 1825 2908 1886 Vult.

454 1921 802 2001 Rogamus,
847 1927 1169 2000 quatenus
1210 1921 1395 1982 nobis
1430 1923 1777 2002 longiorem
1821 1925 2172 1983 terminum
2213 1924 2572 2001 assignetis,
2617 1924 2910 1996 scientes,

449 2019 628 2100 quod
669 2039 801 2081 non
842 2019 1160 2081 oredimus
1200 2040 1317 2081 vos
1346 2019 1585 2082 habere
1611 2022 2074 2081 auctoritatem
2102 2020 2183 2081 de
2218 2021 2653 2081 controversia
2682 2039 2913 2100 eogno-

450 2117 691 2190 scendi‚
735 2116 848 2178 sed
892 2153 975 2163 —
1021 2119 1190 2178 sieut
1231 2117 1663 2178 intelleximus
1703 2117 1789 2178 ab
1831 2137 1939 2179 ore
1998 2118 2343 2197 (Hugonis)
2404 2118 2714 2180 Ostiensis
2760 2122 2912 2197 (ep.)

452 2235 558 2294 ap.
603 2214 770 2276 sedis
813 2214 1010 2294 legati
1030 2218 1077 2292 ⁹)
1106 2251 1188 2261 —
1214 2213 1463 2275 debetis
1501 2233 1621 2275 nos
1677 2225 1933 2277 monere
1988 2216 2074 2276 ad
2129 2234 2373 2294 paoem,
2432 2222 2498 2276 et
2555 2216 2726 2276 ultra
2781 2235 2915 2277 non

456 2311 830 2374 extenditur
869 2311 1224 2373 iurisdictio
1265 2319 1498 2372 vestra.
1530 2310 1634 2371 Ad
1661 2332 1762 2391 ap.
1807 2312 2023 2375 sedem
2052 2312 2452 2392 appellamus
2478 2312 2911 2386 attendentes,

451 2409 633 2489 quod
653 2428 801 2470 oum
829 2410 986 2488 ipsis
1003 2427 1226 2487 paoem
1256 2407 1596 2470 observare
1623 2409 1942 2482 volumus,
1965 2408 2320 2470 dummodo
2340 2409 2526 2472 nobis
2547 2410 2912 2487 relinquant

453 2506 882 2587 possessiones
908 2512 1183 2580 nostras,
1227 2506 1395 2566 siout
1436 2507 1565 2566 iam
1594 2507 1992 2585 optinuimus
2023 2526 2138 2586 per
2164 2507 2554 2568 sententiam
2597 2505 2913 2583 (Martini)

446 2624 553 2683 ep.
597 2611 665 2666 et
711 2604 1137 2681 (Cortesonni)
1181 2604 1490 2682 prepositi
1532 2604 1708 2666 Aret.

773 2702 1032 2764 Florem:
1073 2700 1229 2762 Ast.
1264 2700 1450 2776 (Volt.
1483 2701 1644 2763 1217
1678 2703 1731 2764 V
1761 2703 1859 2775 23,
1901 2723 1968 2763 n.
2000 2702 2145 2777 166)
2191 2702 2344 2780 C'op.
2388 2722 2505 2763 von
2534 2702 2696 2763 1217
2741 2701 2794 2763 V
2834 2702 2915 2762 23

777 2800 1117 2862 Rainerius
1157 2800 1351 2861 iudex
1394 2805 1460 2861 et
1502 2806 1635 2863 not.
1681 2801 1953 2884 exempl.

455 3040 595 3102 346.
2162 3039 2455 3105 Volterra
2488 3039 2528 3101 6
2556 3040 2704 3099 Mai
2732 3040 2911 3101 1217.

576 3136 1231 3210 MOCXV11‚ind.V‚
1265 3137 1334 3197 II
1362 3156 1512 3199 non.
1544 3136 1718 3197 mad.
1805 3137 1940 3197 Nos
1971 3138 2220 3199 Barone
2249 3136 2359 3217 qd.
2391 3137 2723 3216 Stephani,
2755 3137 2914 3198 Ruf-

454 3236 623 3299 folus
664 3235 772 3315 qd.
816 3234 1159 3307 Guiohieri,
1198 3234 1586 3297 Bonusfilius
1613 3235 1724 3313 qd
1754 3234 2084 3307 Tedeschi,
2116 3235 2492 3315 Bonaguida
2525 3235 2635 3313 qd.
2667 3234 2913 3309 Parisii,

366 3344 375 3353 ‘
454 3335 687 3397 Vitalis
728 3333 1083 3407 Guarnerii,
1127 3332 1540 3394 Hermannus
1581 3332 1689 3412 qd.
1733 3332 2091 3407 Tedaldim',
2129 3332 2407 3412 Sigerius
2436 3334 2739 3406 Venture,
2771 3333 2912 3395 Pla·

453 3433 622 3494 eitus
651 3431 759 3511 qd.
786 3432 1089 3503 Pesoeeti,
1118 3431 1451 3512 Tegrimus
1479 3430 1590 3511 qd.
1621 3431 2088 3511 Burgognom‘S,
2122 3430 2545 3492 Baldinoctus
2575 3431 2914 3503 Danihelli‚

452 3529 777 3591 Gerardus
818 3530 1069 3603 Ciaocii,
1113 3528 1491 3591 Adfricante
1531 3528 1642 3609 qd.
1681 3528 1970 3600 Pinoohi‚
2001 3528 2414 3607 Bonparente
2443 3528 2552 3607 qd.
2586 3528 2913 3591 Bonefidei

451 3629 910 3689 constituimus
962 3628 1348 3707 Upiozinum
1402 3628 1679 3688 iudicem
1736 3626 1844 3706 qd.
1890 3625 2260 3687 Guidalocti
2315 3633 2794 3706 procuratorem
2821 3618 2824 3625 ’
2849 3628 2916 3692 in

451 3745 652 3789 eausa
693 3744 907 3786 eoram
950 3725 1305 3803 (Rainerio)
1350 3745 1450 3804 ep.
1480 3725 1797 3787 Fesolano
1826 3726 1993 3786 inter
2021 3743 2139 3785 nos
2181 3729 2249 3784 et
2290 3724 2780 3803 P(aganum)
2810 3744 2914 3804 ep.

456 3823 634 3884 Vult.
677 3822 759 3883 de
800 3824 1012 3901 puteis
1039 3841 1208 3900 aque
1236 3821 1399 3882 salse
1426 3828 1494 3883 et
1520 3822 1906 3884 nominatim
1949 3822 2032 3882 de
2075 3821 2192 3895 his,
2223 3840 2350 3900 que
2392 3820 2806 3883 continentur
2847 3824 2915 3885 in

454 3921 673 3983 littera
716 3919 907 3981 missa
948 3919 1033 3981 ab
1076 3919 1364 3980 Honorio
1407 3939 1577 3999 papa
1617 3917 1796 3980 dioto
1834 3938 1935 3998 ep.
1963 3921 2032 3996 ³).
2139 3919 2283 3980 Aet.
2334 3918 2511 3980 Vult.
2557 3921 2741 3980 iuxta
2781 3920 2915 4000 pla·

456 4024 631 4079 team
674 4019 742 4079 in
781 4024 1054 4097 apoteca
1095 4037 1284 4096 opere
1325 4037 1375 4078 s.
1403 4018 1632 4078 Marie.
1718 4017 2126 4079 Bonaeeurso
2168 4017 2354 4079 Anne
2382 4025 2448 4078 et
2478 4017 2662 4078 Piero
2689 4017 2914 4080 Turin-

452 4115 597 4197 geni
641 4122 722 4176 tt.
806 4115 1298 4177 Bar-tholomeus
1337 4135 1386 4175 s·
1430 4116 1584 4195 imp.
1627 4121 1765 4177 not.

777 4213 1041 4274 Florenz
1069 4212 1225 4275 Ast.
1261 4213 1452 4289 (Volt.
1484 4234 1547 4274 η.
1579 4212 1723 4289 165)
1755 4213 1927 4291 Oriq.

601 4449 641 4510 ¹)
682 4449 820 4498 1217
858 4446 990 4497 Μαι·
1027 4449 1124 4503 522.-
1160 4446 1443 4509 Pfinqeum
1475 4463 1589 4497 war
1624 4463 1715 4498 am
1754 4451 1818 4499 14
1866 4449 2013 4499 Μαί.
2160 4449 2204 4511 ¹)
2249 4448 2404 4499 Wohl
2437 4450 2690 4500 walin-end
2725 4449 2921 4512 Huqoo

456 4535 617 4587 Βοὼο
652 4536 793 4586 meh
817 4535 1023 4593 Genua,
1049 4550 1131 4585 wo
1156 4551 1212 4585 er
1235 4536 1316 4586 im
1339 4534 1471 4586 Mas·
1491 4551 1620 4594 war,
1646 4535 1796 4587 Arm.
1820 4536 1950 4586 Ian.
1990 4536 2107 4586 ΜΘ
2127 4538 2228 4586 SS.
2260 4537 2481 4588 XVIII
2501 4539 2619 4588 138.
2641 4537 2735 4588 Im
2757 4537 2921 4590 Μῶν-ι

453 4640 570 4676 war
603 4640 660 4675 er
694 4624 760 4674 in
795 4624 1053 4687 Pernaco,
1091 4623 1370 4674 B.-1³'.-W.
1402 4627 1571 4675 12501
1604 4626 1651 4685 b,
1679 4642 1787 4676 am.
1816 4629 1883 4677 23
1907 4626 2132 4677 Januar
2161 4630 2298 4679 1217
2325 4640 2437 4677 war
2461 4641 2518 4677 er
2540 4642 2663 4676 zum
2684 4627 2923 4690 Leonem

455 4720 704 4765 mant.
849 4712 892 4776 ⁸)
930 4712 1089 4763 Siehe
1126 4713 1257 4763 oben
1293 4730 1348 4762 n.
1389 4716 1510 4765 344.
