4000 5700
1092 440 1196 492 184
1734 438 2175 493 REGESTUM
2214 438 2899 493 VOLATERRANUM

1090 635 1454 715 Alagerium
1485 641 1551 695 et
1577 634 1979 696 Tancredum
2013 636 2282 695 vicarios
2311 634 2555 696 Donati
2585 637 2928 713 potestatis
2957 635 3156 708 Vult„
3189 635 3542 696 Gnidonem

1088 732 1363 795 iudicem
1405 735 1713 802 comunis,
1759 732 2115 803 consilium,
2163 738 2238 793 ut
2279 732 2446 794 infra
2488 733 2659 794 diem
2703 735 2952 795 veneris
2980 740 3133 794 ante
3161 733 3544 794 dominicam

1089 831 1170 892 de
1211 832 1408 892 ramis
1448 829 1809 908 palmarum
1842 833 1882 906 'J
1928 829 2375 891 satisfacerent
2421 831 2820 908 (Pagano)
2864 851 2962 910 ep.
3006 831 3186 893 Vult.
3232 832 3417 892 iuxta
3457 838 3545 892 te-

1088 948 1306 991 norem
1352 925 1713 990 litterarum
1755 948 1942 1007 pape,
1987 947 2153 1007 quas
2194 947 2314 1008 ego
2355 926 2688 990 Odorisius
2729 928 3008 1009 legeram
3036 930 3174 989 alta
3205 934 3443 1007 voce¹)‚
3474 936 3549 991 ut

1090 1032 1338 1087 starent
1378 1014 1618 1104 precise
1660 1025 1988 1089 mandatis
2029 1045 2197 1104 pape
2236 1031 2305 1087 et
2347 1025 2691 1087 Alexandri
2737 1046 2929 1106 super
2978 1029 3321 1104 premissis,
3407 1028 3547 1088 Act.

1093 1125 1157 1184 in
1198 1121 1347 1184 eccl.
1372 1122 1741 1185 cathedrali.
1827 1123 2032 1183 Paulo
2055 1123 2101 1197 ²)
2165 1121 2314 1183 abb.
2347 1142 2397 1183 s.
2428 1119 2720 1200 Galgani.
2755 1123 2947 1184 Petro
2977 1125 3295 1184 monacho
3322 1142 3438 1184 suo
3468 1130 3546 1185 tt.

1094 1221 1424 1284 Odor-isius
1466 1222 1848 1283 scriniarius.

1413 1320 1671 1381 morem
1715 1319 1866 1381 Ast.
1916 1319 2108 1395 (νοιι.
2155 1319 2316 1380 1236
2355 1319 2456 1379 ιν
2501 1318 2598 1388 10,
2644 1339 2706 1378 n.
2753 1319 2898 1395 396)
2942 1319 3112 1397 οπερ.

1096 1473 1232 1532 529.
2689 1469 2980 1540 Volterra,
3024 1471 3107 1531 18
3151 1471 3333 1532 Mc‘irz
3375 1472 3551 1534 1236.

1222 1569 1706 1639 MCCXXXVL
1751 1568 1882 1630 ind.
1931 1568 2154 1641 VIIII,
2201 1566 2472 1648 XVIII5
2480 1574 2668 1629 mart.
2769 1567 3129 1629 Alexander
3182 1588 3349 1648 pape
3411 1590 3553 1649 cap-

1098 1667 1387 1747 pellanus
1429 1673 1496 1728 et
1535 1666 1885 1745 delegatuS,
1919 1686 2066 1727 cum
2095 1685 2311 1727 coram
2353 1685 2432 1726 eo
2465 1664 2680 1727 Guido
2718 1666 2913 1727 iudex
2954 1668 3244 1729 comunis
3286 1669 3460 1730 Vult.
3493 1675 3557 1729 et

1098 1766 1289 1827 iudex
1333 1765 1660 1846 Galganus
1699 1764 1746 1825 f.
1794 1765 2222 1843 Bonparentis
2265 1783 2344 1823 ex
2388 1769 2572 1843 parte
2614 1762 2891 1844 Alagerii
2932 1770 3000 1825 et
3041 1765 3352 1826 Tancredi
3391 1769 3557 1827 vica-

1097 1866 1334 1926 riorum
1379 1865 1724 1942 potestatis
1755 1862 1926 1923 Vult.
1962 1862 2265 1932 dicerent,
2298 1862 2475 1940 quod
2505 1863 2624 1940 ipsi
2654 1870 2722 1924 et
2749 1881 3022 1924 comune
3049 1856 3358 1926 volebant
3384 1865 3558 1943 equi·

1101 1969 1238 2023 tare
1280 1962 1365 2024 ad
1394 1961 1811 2024 muniendum
1842 1968 2127 2021 castrum
2157 1959 2352 2039 Nigre
2379 1966 2448 2020 et
2479 1980 2604 2022 non
2636 1961 2719 2021 ad
2756 1961 3170 2022 offensionem
3199 1962 3553 2023 faciendam

1104 2067 1122 2140 (
1145 2064 1507 2143 Pagano)
1553 2081 1653 2140 ep.
1699 2060 1896 2133 Vult„
1927 2062 2215 2139 precepit
2244 2061 2353 2132 eis»,
2386 2066 2461 2120 ut
2490 2080 2620 2121 non
2662 2059 3065 2121 offenderent
3106 2082 3205 2140 ep.
3254 2080 3367 2121 nec
3409 2061 3555 2123 eccl.

1103 2161 1279 2223 Vult.
1323 2179 1440 2238 pro
1482 2158 1842 2219 reverentia
1880 2177 2048 2237 pape
2090 2162 2157 2217 et
2199 2156 2370 2218 Eccl.
2415 2156 2630 2228 Rom„
2674 2158 2829 2236 quia
2870 2155 3027 2217 illud
3071 2163 3334 2235 putaret
3363 2159 3429 2219 in
3454 2179 3556 2236 ap.

1102 2258 1271 2320 sedis
1313 2258 1605 2320 iniuriam
1652 2255 2013 2336 specialiter
2052 2275 2188 2315 esse
2228 2254 2498 2316 factum.
2585 2254 2728 2318 Act.
2774 2253 2950 2316 Vult.
2996 2257 3062 2317 in
3103 2276 3358 2317 camera
3399 2256 3559 2317 Lan·

1103 2355 1311 2417 franki
1376 2354 1718 2416 archidiac.
1765 2353 1965 2426 Vult„
2011 2351 2117 2412 ubi
2183 2358 2322 2412 erat
2385 2353 2755 2431 hospitatus
2818 2353 3121 2431 magister
3182 2353 3557 2416 Alexander.

1104 2454 1371 2529 Paulo2’)
1403 2452 1553 2513 abb.
1586 2474 1630 2512 s.
1667 2452 1957 2531 Galgani.
2005 2451 2419 2526 Lanfran(c)0
2461 2450 2803 2512 archidiac.
2836 2440 3011 2513 Vultss
3045 2452 3336 2513 Corvone
3368 2468 3428 2513 et
3464 2453 3562 2513 Io·

1107 2553 1318 2613 hanne
1362 2549 1726 2611 Lombardo
1766 2548 2192 2610 familiaribus
2223 2548 2571 2609 Alexandri
2614 2554 2692 2609 tt.
2780 2548 3107 2611 Odorisius
3151 2549 3501 2611 criniariuS.

1428 2648 1685 2709 Florenz
1730 2647 1880 2709 Ast.
1931 2646 2122 2723 (Volt.
2156 2646 2317 2707 1236
2360 2645 2460 2708 IV
2502 2646 2600 2715 10,
2645 2667 2709 2708 n.
2753 2647 2898 2724 396)
2944 2646 3120 2725 Oriq.

1109 2795 1248 2855 530.
2707 2786 2992 2857 Volcei-ra,
3038 2788 3115 2850 21
3160 2790 3345 2851 Mdv-z
3385 2790 3562 2852 1236.

1228 2887 1713 2960 ΜΟΟΧΧΧῩῙ,
1738 2887 1871 2948 ind.
1897 2886 2119 2958 VIIII,
2145 2886 2312 2946 XXI
2339 2893 2525 2946 mart.
2611 2885 2826 2946 Guldo
2848 2886 3039 2947 iudex
3063 2889 3564 2959 comunisVult„

1112 2987 1510 3068 Bonaguida,
1556 2985 1884 3064 Galganus
1928 2985 2359 3063 Bonparentis
2401 2985 2591 3044 iudex
2633 2991 2702 3043 et
2744 2983 2851 3043 alii
2908 3003 2986 3043 ex
3042 2993 3226 3063 parte
3282 2989 3568 3047 comunis

1110 3086 1286 3149 Vult.
1330 3083 1797 3163 responderunt
1838 3084 2149 3161 magistro
2190 3081 2555 3142 Alexandro
2599 3080 2972 3162 cappellano
3016 3101 3182 3161 pape
3216 3103 3407 3163 super
3438 3103 3567 3144 mo-

1108 3183 1463 3247 nitionibm
1503 3202 1691 3262 pape,
1737 3182 1930 3261 quod,
1975 3182 2027 3241 si
2058 3182 2195 3258 ipse
2223 3179 2418 3241 vellet
2446 3179 2679 3241 ducere
2723 3181 2743 3254 (
2765 3180 2869 3240 Pa
2884 3185 3213 3260 ganum)
3257 3202 3358 3261 ep.
3388 3183 3566 3246 Vult.

1111 3288 1179 3347 in
1217 3284 1572 3353 civitatem,
1614 3281 1736 3360 ipsi
1776 3281 2069 3341 iurarent
2111 3278 2423 3340 mandata
2467 3278 2746 3340 Ecclesie
2789 3285 2855 3339 et
2896 3280 3095 3357 ipsius
3137 3280 3223 3341 ad
3250 3281 3569 3343 cautelam

1110 3403 1304 3460 super
1342 3379 2010 3441 excommunicatione
2050 3377 2186 3437 lata
2230 3376 2312 3439 ab
2354 3397 2454 3455 ep.
2502 3379 2568 3437 in
2608 3397 2902 3451 comune,
2934 3383 3002 3438 et
3030 3377 3207 3457 quod
3235 3379 3397 3440 bene
3425 3399 3570 3441 con·

1116 3481 1385 3542 fiderent
1426 3496 1806 3556 componere
1864 3496 2011 3536 cum
2067 3495 2162 3549 ec,
2208 3495 2287 3535 ex
2343 3495 2475 3555 quo
2529 3481 2697 3537 essct
2752 3477 2818 3536 in
2878 3477 3166 3537 civitate.
3212 3474 3574 3539 Alexander

1113 3580 1300 3648 dixit,
1345 3576 1539 3656 quod,
1585 3577 1640 3635 si
1682 3574 1919 3637 vellent
1984 3575 2209 3652 prime,
2269 3579 2618 3652 antequam
2675 3575 2924 3635 veniret
2976 3594 3100 3653 ep.,
3144 3575 3353 3636 iurare
3396 3595 3572 3636 man-

1114 3675 1271 3738 data
1315 3694 1499 3755 pape,
1544 3693 1661 3734 sua
1700 3678 1769 3733 et
1811 3691 1912 3749 ep.
1957 3690 2150 3749 super
2189 3672 2854 3732 excommunicatione
2896 3676 2963 3730 et
3004 3671 3159 3732 dare
3213 3679 3441 3751 postca
3481 3693 3573 3733 se-

1117 3774 1461 3835 curitatem
1505 3777 1570 3832 et
1612 3770 1978 3831 cautionem
2019 3768 2101 3828 de
2157 3766 2612 3828 satisfaciendo
2664 3787 2765 3847 ep.
2809 3767 2891 3828 de
2945 3763 3263 3848 dampnis,
3308 3776 3574 3849 paratus

1117 3877 1257 3933 erat
1284 3890 1383 3949 ep.
1415 3869 1734 3930 reducere.
1764 3864 1955 3940 Quod
1981 3865 2352 3928 Vulterrani
2379 3865 2587 3926 facere
2615 3873 2986 3939 renuerunt;
3019 3865 3188 3928 unde
3215 3867 3573 3928 Alexander

1118 3968 1529 4031 denuntiavit
1567 3967 1677 4038 eie,
1721 3964 1897 4044 quod
1938 3970 2205 4043 paratus
2246 3967 2390 4024 erat
2428 3965 2745 4042 inquirere
2774 3984 2885 4043 per
2921 3970 3118 4025 testes
3147 3964 3227 4026 de
3256 3966 3573 4046 dampnis.

1122 4071 1266 4129 Act.
1312 4062 1484 4128 Vult.
1532 4065 1599 4128 in
1640 4082 1891 4125 camera
1934 4062 2280 4125 Lanfranci
2308 4062 2647 4124 archidiac.
2673 4061 2873 4136 Vult„
2907 4063 3018 4124 ubi
3045 4063 3409 4143 hospitatus
3437 4071 3577 4125 erat

1121 4165 1424 4244 magister
1466 4161 1845 4222 Alexander.
1945 4158 2148 4219 Paulo
2172 4161 2215 4238 ²)
2260 4158 2408 4220 abb.
2442 4179 2491 4219 s.
2523 4159 2814 4239 Galgani.
2854 4159 3048 4222 Petro
3088 4160 3404 4222 monacho
3439 4178 3575 4221 suo.

1120 4263 1507 4324 Lamfranco
1548 4258 1885 4321 archidiac.
1930 4257 2110 4318 Vult.
2155 4256 2444 4319 Iohanne
2485 4257 2849 4319 Lombardo
2903 4257 3129 4319 clerico
3177 4263 3248 4319 et
3288 4258 3577 4320 Corvone

1118 4358 1541 4422 familiaribus
1584 4355 1872 4435 magistri
1912 4351 2265 4415 Alexandri
2305 4360 2386 4416 tt.
2474 4354 2802 4417 Odorisius
2845 4356 3228 4417 scriniarius.

1442 4454 1703 4516 Florem}
1745 4453 1896 4514 Ast.
1944 4452 2138 4528 (Volt.
2185 4454 2344 4515 1236
2389 4453 2483 4514 IV
2530 4454 2625 4523 10,
2667 4474 2731 4514 n.
2776 4454 2921 4531 396)
2966 4454 3138 4531 Oriq.

1274 4666 1314 4728 1)
1351 4664 1511 4714 Mas-z
1549 4665 1644 4721 21‚·
1672 4660 2018 4714 Palmamm:
2056 4661 2217 4710 Man
2257 4663 2338 4712 23.
2498 4662 2539 4726 ²)
2575 4660 2734 4710 sion
2771 4679 2824 4711 n.
2867 4664 2985 4712 526.
