4000 5700
1119 535 1228 588 268
1764 535 2209 589 REGESTUM
2252 535 2933 588 VOLATERRANUM

1120 750 1237 809 pro
1279 749 1424 810 rege
1465 730 1698 791 Carulo
1737 732 2069 794 occasione
2110 730 2401 791 mandati
2444 731 2603 792 facti
2632 733 2889 792 comuni
2932 750 3043 810 per
3078 731 3329 792 litteras
3358 733 3585 793 vicarii

1119 846 1236 905 pro
1282 827 1567 888 Gerardo
1606 827 1686 887 de
1727 827 2117 896 Montaione‚
2157 827 2431 888 volendo
2476 827 2858 906 respondere
2900 826 3184 887 Gerardo
3225 828 3307 888 de
3350 830 3485 889 iure
3516 836 3586 888 et

1121 922 1456 984 ostendere
1511 925 1956 984 excusationes
2012 924 2300 985 comunis
2355 944 2548 1003 super
2607 926 2745 984 eius
2806 926 3140 1002 petitione.
3207 924 3587 987 Guilielmus

1121 1020 1312 1080 iudex
1342 1020 1658 1081 sindicum
1702 1019 1898 1081 habet
1927 1028 2390 1099 presentatum.
2476 1022 2577 1082 XI
2609 1023 2737 1082 iun.
2792 1040 2797 1045 ·
2831 1022 2913 1082 In
2939 1021 3285 1083 Castilione
3312 1023 3586 1083 Aretino

1118 1124 1274 1178 ante
1317 1117 1582 1178 domum
1625 1117 1882 1177 Bunani
1925 1117 2257 1185 Barlettai.
2307 1117 2416 1179 ubi
2459 1118 2869 1197 ospitabatuc·
2912 1117 3308 1181 GuilielmuS.
3428 1121 3584 1181 Rai-

1121 1215 1315 1277 naldo
1354 1215 1563 1276 iudice
1590 1221 1657 1276 et
1688 1224 1819 1277 not.
1853 1217 1960 1293 qd.
1995 1215 2315 1276 Rainaldi.
2359 1216 2608 1277 Gianne
2650 1216 2729 1276 de
2756 1216 3103 1278 Cast-ilione
3130 1218 3414 1279 Aretin0.
3445 1216 3583 1279 Sal·

1119 1315 1344 1374 vuccio
1385 1312 1698 1375 Gualterii
1741 1314 1819 1373 de
1870 1314 2042 1375 Vult.
2102 1320 2182 1373 tt.
2284 1313 2577 1375 Sindicus
2618 1315 2855 1374 iterato
2897 1334 2963 1374 se
3006 1317 3473 1393 representavit
3515 1322 3586 1375 et

1119 1417 1516 1489 protestatus
1556 1418 1675 1483 est,
1719 1411 1893 1491 quod
1935 1430 2206 1471 comune
2236 1412 2434 1473 habet
2466 1413 2563 1471 ius
2593 1412 2860 1489 eligendi
2896 1417 3285 1490 potestatem
3314 1419 3381 1473 et
3410 1433 3581 1473 nunc

1117 1529 1235 1587 pro
1275 1515 1603 1588 potestate
1646 1510 2111 1571 Bernardinum
2157 1510 2238 1570 de
2280 1509 2528 1570 Perolla
2569 1509 2651 1570 de
2706 1508 3098 1570 Panocchiis.
3161 1510 3432 1571 Induxit
3486 1514 3583 1571 in·

1118 1612 1554 1667 strumentum
1599 1606 1974 1668 Bernardini
2018 1614 2150 1667 not.
2189 1607 2297 1685 qd.
2329 1608 2607 1686 Ugolini,
2643 1607 2818 1668 aliud
2846 1607 3172 1668 electionis
3203 1607 3582 1669 Bernardini

1121 1724 1315 1765 manu
1363 1704 1756 1765 Bencivenni
1799 1712 1930 1765 not.
1989 1705 2070 1765 de
2129 1705 2430 1773 Burian0‚
2490 1725 2691 1765 unum
2747 1724 2867 1783 par
2908 1705 3267 1766 litterarum
3326 1708 3583 1766 comitis

1119 1802 1435 1863 Guidonis
1481 1801 1563 1862 de
1609 1802 2017 1872 Monteforte,
2061 1809 2217 1863 t-unc
2259 1805 2407 1880 regii
2461 1805 2703 1874 vicariI,
2749 1804 2828 1865 de
2883 1805 3020 1865 eius
3075 1804 3578 1866 confirmatione.

1122 1900 1466 1977 Proposuit
1505 1900 1680 1977 quod
1721 1919 1992 1961 comune
2047 1899 2249 1962 habet
2301 1902 2803 1962 instrumentum
2861 1900 3303 1962 Ildebrandini
3357 1908 3488 1963 not.
3535 1902 3579 1962 f.

1121 1998 1444 2059 Sismondi
1483 1999 1565 2059 de
1607 1998 1920 2059 fidelitate
1960 2004 2274 2060 renovata
2319 2020 2360 2059 a
2396 1999 2642 2059 sindico
2677 2000 2967 2060 comunis
2995 1998 3274 2060 Iohanni
3304 2000 3581 2063 Britaldi

1121 2103 1277 2156 tunc
1320 2097 1492 2176 regio
1535 2097 1773 2157 vicario
1801 2095 1881 2156 de
1922 2116 2221 2174 expresso
2262 2097 2575 2157 mandato
2616 2099 2781 2175 regis
2811 2096 2931 2157 sub
2961 2097 3198 2158 eisdem
3230 2099 3580 2158 condictio-

1124 2193 1314 2254 nibus
1340 2213 1416 2255 ao
1445 2196 1514 2254 in
1539 2196 1969 2255 instrumento
1997 2194 2377 2254 Bernardini
2406 2197 2469 2270 ¹),
2500 2196 2569 2254 in
2597 2214 2726 2272 quo
2755 2195 2916 2255 dicit
2944 2195 3255 2256 contineri
3285 2214 3581 2274 expresse

1119 2292 1201 2352 de
1242 2311 1512 2354 comune
1555 2290 1751 2351 Vult.:
1812 2291 2052 2353 ‘habet
2107 2292 2202 2351 ius
2258 2292 2527 2369 eligendi
2578 2299 2645 2351 et
2701 2291 2981 2352 habendi
3035 2294 3103 2352 in
3161 2300 3578 2371 potestatem,

1118 2408 1312 2468 quem
1354 2390 1557 2450 vult’.
1643 2391 1809 2451 Acta
1851 2391 2314 2467 representatio
2358 2392 2563 2467 prima
2608 2392 2672 2450 in
2701 2390 2884 2469 plebe
2912 2390 3275 2452 castilionis
3306 2392 3578 2463 Aretini,

1120 2487 1227 2547 ubi
1273 2490 1371 2548 ius
1412 2489 1704 2548 redditur
1742 2506 1856 2566 per
1896 2487 2142 2547 dictum
2192 2489 2482 2548 iudicem.
2568 2489 2838 2566 Uguitio
2879 2494 3009 2548 not.
3056 2508 3155 2566 ep.
3202 2488 3372 2549 Aret.
3425 2488 3577 2548 Rai-

1126 2586 1357 2646 naldus
1399 2587 1592 2649 iudex
1637 2591 1703 2645 et
1743 2591 1879 2646 not.
1926 2584 2261 2646 Salvuccio
2305 2591 2380 2647 tt..
2468 2585 2929 2646 Bonaventura
2967 2586 3075 2663 qd.
3107 2586 3418 2646 Guidonis
3444 2594 3579 2647 not.

1442 2684 1705 2743 Florenz
1754 2682 1900 2743 Ast.
1948 2684 2137 2758 (Volt.
2184 2705 2247 2744 n.
2293 2683 2437 2759 925)
2482 2684 2651 2761 Oriq.

1124 2880 1262 2938 801.
1389 2927 1400 2955 2
2524 2903 2529 2907 ·
2744 2879 3021 2950 Florenz,
3065 2881 3145 2940 17
3185 2881 3355 2940 Jum'
3397 2881 3574 2941 1271.

1242 2975 1652 3046 MCCLXXI,
1699 2976 1827 3036 ind.
1875 2976 2108 3048 XIIII,
2154 2977 2348 3038 XVII
2392 2978 2535 3037 intr.
2570 2979 2697 3036 iun.
2783 2976 3003 3037 Simon
3035 2977 3139 3055 qd.
3173 2976 3466 3038 Palmerii
3496 2972 3600 3038 de

1119 3074 1442 3136 Casolellis
1484 3076 1654 3134 curie
1695 3073 1935 3134 Montis
1979 3074 2254 3135 Vultraii
2297 3076 2452 3135 civi<
2502 3075 2678 3134 Vult.
2732 3075 3010 3135 sindicus
3062 3076 3350 3135 comunis
3398 3075 3574 3134 Vult.

1117 3173 1290 3232 dixit
1309 3172 1582 3233 Iohanni
1604 3173 1800 3233 iudici
1829 3174 2070 3233 vicario
2099 3172 2155 3231 Y
2175 3173 2454 3233 enardi
2484 3173 2545 3232 U
2562 3173 2688 3250 gol
2707 3174 2782 3233 in
2802 3175 2817 3232 i
2841 3172 2888 3248 ³)
2920 3173 3140 3232 vicarii
3164 3173 3324 3253 regis
3347 3172 3573 3233 Karuli

1120 3272 1186 3329 in
1216 3272 1519 3348 regimine
1560 3270 1750 3342 Flor.,
1794 3270 1886 3331 VI
1922 3272 2276 3348 capitaneis
2305 3278 2371 3330 et
2401 3269 2662 3330 consilio
2693 3269 2829 3340 XC,
2860 3270 3052 3348 quod,
3085 3270 3169 3341 id,
3202 3270 3377 3348 quod
3404 3270 3582 3333 Tura

1123 3368 1566 3448 Bentivengne
1607 3367 1899 3429 Davanzi
1941 3368 2023 3428 de
2064 3368 2230 3428 Flor.
2276 3372 2440 3446 petit
2498 3370 2826 3429 occasione
2882 3370 3350 3446 possessionum
3401 3367 3576 3429 abla-

1121 3472 1333 3526 tarum
1378 3485 1491 3544 per
1529 3467 1900 3544 episcopum
1930 3465 2126 3538 Vult„
2160 3468 2329 3527 unde
2358 3467 2605 3526 litteras
2637 3466 3010 3543 impetravit
3043 3487 3082 3526 a
3110 3466 3367 3527 comuni
3389 3465 3575 3536 Flor.,

1119 3583 1249 3624 non
1288 3569 1540 3642 spectat
1571 3563 1652 3624 ad
1682 3583 1970 3634 comune,
2003 3563 2178 3642 quod
2206 3564 2465 3642 quidem
2496 3568 2796 3640 paratum
2828 3568 2926 3622 est
2954 3563 3334 3641 respondere
3361 3582 3577 3625 coram

1122 3662 1358 3721 vicario
1400 3663 1581 3737 regis,
1627 3659 2052 3740 Supplicavit‚
2096 3662 2271 3739 quod
2314 3662 2570 3722 licentia
2612 3659 2970 3738 represallie
3013 3680 3311 3721 concessa
3358 3660 3574 3720 Cardi-

1120 3759 1247 3818 nali
1289 3760 1370 3820 de
1411 3759 1874 3837 Tornaquincis
1915 3760 2038 3818 civi
2086 3759 2246 3819 Flor.
2287 3765 2589 3829 cassetur,
2637 3776 2779 3817 cum
2827 3760 2880 3818 is
2921 3759 3165 3818 nullum
3212 3759 3309 3818 ius
3337 3757 3575 3818 habeat

1118 4037 1222 4085 licta
1260 4038 1497 4087 —aiehe
1537 4039 1938 4101 Kopp-Busson
1987 4039 2056 4086 II
2107 4040 2157 4096 3,
2214 4040 2332 4087 1103.
2428 4038 2631 4087 Winter
2670 4038 2775 4087 Dio
2815 4036 3018 4086 Politik
3068 4036 3231 4085 Pisae
3278 4038 3577 4086 1265-1282

1118 4127 1260 4175 Seite
1305 4129 1391 4177 33,
1474 4129 1619 4177 Dosa
1669 4128 1813 4177 nicht
1857 4129 1950 4176 der
1995 4129 2154 4175 Mdv-z
2184 4128 2404 4176 Termin
2440 4128 2536 4186 Ιίὶν
2572 4128 2677 4175 den
2714 4125 3060 4174 Amtsantriu
3095 4140 3161 4173 zu
3198 4125 3319 4174 sein
3356 4125 3577 4174 brauchc

1122 4217 1594 4279 (Κορρ-Βυεεοπ),
1633 4217 1750 4278 qeht
1798 4217 2000 4264 damus
2038 4217 2235 4266 hervor.
2277 4217 2405 4264 dass
2432 4216 2606 4264 Gnido
2634 4231 2813 4276 weqen
2835 4214 3014 4263 ceiner
3037 4229 3129 4262 am
3160 4215 3224 4263 13
3252 4214 3410 4263 Μᾶη
3438 4217 3573 4264 1271

1119 4305 1370 4354 vertibten
1397 4305 1601 4354 Bluttac
1628 4305 1793 4368 (siche
1825 4312 1991 4353 umen
2016 4321 2071 4354 n.
2104 4307 2231 4368 801)
2253 4304 2428 4353 eeines
2449 4305 2634 4353 Amtes
2655 4310 2867 4352 εηεεειτι
2888 4303 3098 4351 worden
3118 4302 3206 4352 iet.
3306 4303 3348 4366 ¹)
3387 4303 3578 4353 Diem

1118 4395 1373 4454 ebenfalle
1399 4395 1657 4444 verlorene
1681 4395 1855 4443 τιθοῖτο
1883 4393 2025 4441 Pake
2048 4409 2159 4441 war
2195 4394 2281 4441 die
2322 4394 2485 4454 Folqe
2511 4394 2603 4442 der
2642 4409 2695 4442 n.
2721 4395 2757 4441 ,7
2762 4394 2826 4442 91
2866 4391 3174 4440 erwdhncen
3207 4390 3579 4442 Verbandlun-

1119 4500 1236 4546 qen.
1332 4487 1376 4548 2)
1422 4474 1560 4532 I‘ber
1607 4483 1822 4532 stard
1858 4483 1998 4531 siaehe
2046 4485 2276 4532 Perrens
2320 4483 2559 4532 Histoire
2597 4483 2660 4532 de
2700 4483 2953 4531 flor-enoc
3000 4482 3069 4530 II
3112 4483 3231 4531 138.
3278 4483 3406 4538 140:
3448 4482 3577 4532 iiber

1121 4573 1470 4622 Chardinalis
1510 4575 1574 4622 dc
1615 4572 2015 4634 Tornaquincis
2051 4572 2367 4621 Davideohn
2393 4572 2779 4633 Forschunqen
2802 4572 2873 4619 ΙΙ
2904 4573 3132 4619 17.ἴ·224
3170 4586 3225 4619 n.
3260 4571 3573 4622 1:227-1068.

1119 4662 1196 4709 Er
1235 4677 1342 4709 war
1383 4665 1517 4710 ΓΒΗ
1559 4662 1785 4710 Ροᾱεςτά
1827 4676 1929 4708 von
1966 4661 2088 4708 San
2126 4660 2473 4722 Gimiynano.
2515 4661 2603 4709 Zu
2640 4661 2975 4721 Bemiveqna
3014 4659 3265 4708 Dat-anzi
3290 4659 3575 4721 rerqlev'doe

1116 4751 1246 4798 oben
1285 4767 1334 4798 n.
1377 4754 1494 4800 5⁴23.
1536 4755 1653 4799 δῖα.
