4000 5700
1028 499 1471 555 REGESTUM
1510 500 2200 556 VOLATERRANUM
2770 504 2842 556 95

384 692 988 773 compromiserunt3
1033 713 1175 773 pen.
1221 695 1286 756 X
1327 691 1433 755 lib.
1494 693 1619 766 Qui
1662 692 2109 766 laudaverunt,
2154 702 2256 756 ut·
2288 697 2402 755 via
2447 696 2532 757 sit
2585 697 2844 757 cortalis

383 791 717 869 utriusque
754 796 819 851 et
861 811 1027 852 unus
1070 790 1251 851 alteri
1293 792 1610 853 malitiam
1653 811 1783 853 non
1824 793 2038 855 faciat.
2125 792 2497 854 Recitatum
2540 793 2609 855 in
2647 794 2842 856 domo

382 888 875 969 Guermignonis
916 888 995 951 de
1035 890 1300 951 Cotan0.
1385 890 1663 952 Strenua
1702 890 1807 968 qd.
1854 888 2205 954 Silimanni.
2237 889 2574 951 Albertino
2602 893 2704 969 qd.
2739 891 2838 952 Ti-

382 985 564 1049 niosi.
608 984 998 1048 Cancellario
1026 987 1264 1049 Arturi.
1295 986 1659 1068 Turingello
1685 989 1793 1066 qd.
1822 988 2114 1050 Gisolfoli
2157 994 2231 1049 tt.
2316 988 2662 1052 Consortus
2687 991 2836 1069 imp.

383 1086 743 1147 maiestatis
784 1091 915 1146 not.

705 1184 962 1245 Florenz
1006 1183 1155 1246 Ast.
1205 1185 1390 1260 (Volt.
1435 1204 1498 1244 n.
1544 1181 1648 1261 82)
1693 1184 1862 1261 Oriy.

381 1336 520 1398 276.
1936 1331 2286 1406 Ferentino,
2331 1336 2412 1397 12
2451 1336 2621 1396 Juni
2660 1335 2836 1397 1206.

506 1432 1057 1493 Innocentius
1110 1431 1242 1494 ΙΙΙ
1296 1432 1708 1509 (Lanfranco)
1742 1431 1968 1494 abbati
1994 1451 2040 1494 s.
2076 1433 2380 1494 Pontiani
2407 1435 2644 1495 Lucan.
2678 1434 2835 1495 dioc.

382 1529 666 1590 Nuntiat
707 1527 1011 1589 abbatem
1038 1531 1080 1604 ’)
1126 1547 1171 1588 s.
1202 1527 1372 1589 Iusti
1397 1526 1519 1588 sibi
1547 1529 1967 1605 proposuisse,
1999 1529 2195 1606 quod,
2227 1548 2372 1589 cum
2422 1529 2590 1591 inter
2628 1531 2840 1607 ipsum

381 1633 451 1686 et
492 1625 905 1701 I(ohannem)
943 1625 1344 1703 capellanum
1387 1626 1467 1687 de
1513 1623 1852 1706 Ripabella
1889 1625 2063 1687 Vult.
2101 1626 2261 1686 dioc.
2294 1646 2484 1706 super
2510 1629 2840 1706 sepultura

380 1723 835 1785 defunctorum
876 1742 1093 1785 coram
1151 1722 1546 1802 (Paganello)
1597 1723 1932 1785 archidiac.
1979 1724 2152 1785 Vult.
2198 1727 2452 1803 questio
2506 1734 2694 1799 esset,
2736 1727 2838 1788 hic

378 1822 771 1882 sententiam
793 1820 947 1882 tulit
968 1822 1277 1900 iniquam,
1298 1827 1528 1883 contra
1547 1840 1741 1900 quam
1766 1820 1969 1882 abbas
1989 1821 2075 1882 ad
2097 1841 2198 1900 ap.
2227 1822 2442 1883 sedem
2464 1824 2834 1903 appellavit.

379 1918 677 1990 Mandat,
699 1924 1019 1999 quatenus
1047 1920 1383 1979 confirmet
1413 1919 1509 1979 vel
1534 1920 1813 1980 infirmet
1856 1921 2268 1981 sententiam.
2353 1940 2382 1980 e
2403 1920 2504 1980 Ex
2532 1928 2717 2000 parte
2746 1922 2838 1982 di-

382 2013 533 2075 lecti
554 2036 597 2076 ν).
685 2017 832 2077 Dat.
879 2015 1206 2077 Ferentini
1247 2017 1316 2077 II
1358 2016 1441 2076 id.
1488 2018 1641 2086 iun.,
1685 2024 1862 2094 pont.
1908 2016 2129 2077 VIIII.
2261 2053 2264 2058 ·

710 2113 863 2174 Volt.
911 2111 1219 2172 AMunic.
1269 2113 1526 2187 (Radia)
1573 2112 1992 2190 Transcumpt
2032 2131 2150 2174 von
2192 2113 2368 2175 1206.

378 2310 521 2372 277.
1161 2307 1356 2367 San
1398 2306 1720 2369 Ponziano
1760 2307 1854 2368 bei
1894 2307 2117 2368 Luem
2164 2307 2246 2367 10
2284 2307 2620 2368 November
2659 2309 2835 2370 1206.

510 2404 903 2466 Lanfrancus
946 2404 1146 2465 abbas
1187 2426 1235 2466 s.
1282 2405 1580 2467 Pontiani
1622 2405 1772 2466 Luc.
1811 2405 1970 2466 dioc.
2017 2406 2207 2466 iudex
2238 2401 2568 2483 delegatus
2603 2425 2768 2485 pape
2792 2413 2837 2482 8)

380 2505 579 2565 laudo
619 2505 789 2564 inter
828 2502 1136 2564 abbatem
1161 2506 1207 2581 8)
1252 2523 1297 2564 S.
1343 2505 1562 2565 Iusti
1605 2503 1777 2564 Vult
1808 2512 1876 2563 et
1919 2502 2274 2564 Iohannem
2314 2501 2717 2581 capellanum
2760 2505 2839 2565 de

380 2602 725 2680 Ripabella
766 2601 939 2662 Vult..
984 2601 1144 2662 dioc.
1230 2602 1371 2662 Act.
1415 2601 1536 2661 sub
1577 2603 1829 2680 porticu
1878 2620 2047 2661 mon.
2094 2621 2140 2661 s.
2187 2600 2508 2672 Pontiani,
2555 2601 2834 2674 MCCVI,

379 2699 529 2762 IIII
571 2699 653 2760 id.
697 2717 869 2770 nov„
915 2697 1039 2759 ind.
1088 2697 1168 2757 X.
1255 2698 1452 2759 Perus
1493 2699 1597 2777 qd.
1644 2697 1980 2760 Gerardini
2018 2697 2212 2758 iudex
2256 2699 2406 2777 imp.

711 2797 865 2859 Volt.
914 2795 1225 2857 AMunic.
1275 2797 1530 2873 (Radia)
1575 2796 1744 2875 Oriq.

377 2952 504 3014 278
1894 2947 2132 3022 Leocia,
2176 2949 2258 3009 18
2297 2949 2620 3011 Deze‘mber
2659 2950 2836 3011 1206.

504 3046 1060 3109 Ildebrandus
1101 3046 1273 3107 Vult.
1299 3065 1395 3124 ep.
1421 3045 1652 3105 damus
1679 3045 1746 3104 in
1771 3044 2036 3105 feudum
2068 3046 2355 3107 Gerar-do
2383 3046 2463 3107 de
2493 3048 2690 3107 Prata
2730 3046 2835 3126 qd.

380 3144 706 3216 Rainaldi,
744 3143 1050 3224 quicquid
1082 3142 1393 3204 habemus
1430 3144 1496 3203 in
1530 3142 1790 3203 castello
1818 3142 1900 3202 de
1928 3142 2223 3206 Bibboni.
2308 3144 2451 3205 Act.
2483 3145 2661 3222 apud
2690 3144 2837 3205 Lec-

380 3243 550 3304 ciam
577 3242 643 3302 in
672 3242 851 3302 curia
868 3261 964 3320 ep.
1055 3244 1268 3301 coram
1304 3240 1532 3319 ogerio
1558 3238 1965 3299 Pannocchia
1993 3240 2099 3319 qd.
2126 3240 2412 3301 Rainerii
2439 3240 2841 3307 Pannocchie

380 3348 453 3401 et
468 3338 878 3399 Buonacorso
896 3338 1000 3416 qd.
1025 3338 1275 3398 Lotteri
1296 3336 1376 3396 de
1396 3336 1636 3397 Sancto
1664 3335 2046 3398 Geminiano
2071 3337 2153 3397 de
2181 3336 2469 3397 Monteli.
2552 3337 2837 3410 MCCVI,

383 3436 511 3496 XV
551 3435 673 3496 kal.
721 3436 867 3507 ian„
911 3434 1038 3495 ind.
1085 3433 1166 3495 X.
1249 3434 1647 3495 Crescentius
1690 3434 1820 3494 ord.
1867 3432 2060 3494 iudex
2102 3441 2168 3494 et
2211 3440 2341 3495 not.

710 3533 864 3595 Volt.
901 3531 1139 3594 AVesc.
1189 3531 1355 3609 App.
1387 3530 1426 3589 I
1432 3530 1700 3609 ld.-Pa9.
1731 3531 2043 3593 coll’anno
2085 3532 2121 3592 1
2161 3531 2330 3609 Oriq.
2379 3532 2559 3592 Liber
2601 3534 2839 3592 iuriam

705 3629 887 3690 8.13
927 3631 1024 3690 cit.

382 3745 521 3805 279.
1619 3744 1755 3804 San
1798 3743 2198 3822 Gimiqnano,
2243 3744 2326 3804 10
2364 3745 2620 3805 Januar
2660 3745 2835 3807 1207.

505 3842 973 3915 MCCV1‚1111
1017 3842 1100 3902 id.
1145 3844 1293 3914 ian„
1336 3841 1464 3902 ind.
1510 3842 1591 3902 X.
1678 3842 2042 3903 Bernardus
2084 3842 2310 3904 Ianelli
2337 3848 2520 3921 potes
2491 3849 2625 3903 stas
2652 3850 2718 3903 et
2747 3863 2838 3903 re·

383 3950 526 4002 ctor
545 3944 831 4001 comunis
854 3940 1075 4019 oppidi
1096 3940 1175 4000 de
1196 3941 1244 4001 C
1262 3939 1333 3999 ol
1351 3940 1420 4000 le
1448 3942 1760 4000 concessit
1788 3941 2029 4018 Iacopo
2055 3940 2159 4019 qd.
2185 3940 2488 4001 Asseduti
2511 3941 2755 4001 consuli
2775 3947 2841 4000 et

384 4039 615 4098 rectori
644 4039 859 4117 oppidi
904 4038 1189 4099 Sancti
1232 4038 1699 4099 Geminiani
1742 4057 1858 4116 pro
1887 4058 1974 4109 se,
2006 4037 2315 4110 Lotterio,
2344 4037 2634 4099 Fortiore
2661 4039 2840 4100 sotiis

385 4136 798 4197 medietatem
841 4135 1075 4197 terreni
1117 4142 1183 4196 et
1223 4136 1394 4196 curie
1438 4134 1589 4196 olim
1630 4135 1710 4196 de
1751 4135 1938 4195 Fusci
1981 4155 2062 4195 ex
2103 4134 2211 4196 illa
2241 4141 2423 4214 parte
2453 4135 2734 4197 fluminis
2761 4135 2841 4195 de

386 4233 573 4294 Fusci
613 4254 694 4294 ex
735 4254 812 4294 ea
852 4240 1057 4312 parte,
1102 4253 1231 4313 qua
1273 4238 1370 4293 est·
1412 4236 1587 4293 curia
1628 4234 1708 4293 de
1749 4233 2021 4294 Casallia
2045 4237 2114 4307 ⁴);
2148 4253 2312 4312 pena
2339 4233 2388 4295 C
2416 4254 2608 4295 marc.
2693 4235 2836 4295 Act.

387 4332 452 4391 in
480 4339 690 4393 castro
718 4332 934 4394 Sancti
967 4330 1328 4392 Geminiani
1364 4333 1431 4391 in
1459 4330 1652 4390 domo
1680 4331 1988 4390 comunis.
2061 4330 2378 4391 Guidotto
2406 4330 2510 4408 qd.
2544 4330 2837 4392 Lutterii.

386 4429 549 4490 Pero
587 4429 668 4488 de
707 4429 893 4490 Colle.
941 4430 1165 4491 Scotto
1207 4428 1310 4506 qd.
1358 4428 1587 4489 Pelati.
1636 4428 1850 4488 Riccio
1894 4427 1998 4505 qd.
2046 4428 2258 4488 Guidi.
2304 4428 2507 4489 Posca
2547 4429 2653 4508 qd.
2684 4429 2837 4490 Ildi-

533 4625 573 4690 ¹)
612 4627 895 4676 Iacobum.
1046 4627 1084 4688 ι)
1124 4626 1281 4677 Sidae
1317 4628 1447 4676 oben
1469 4643 1522 4677 n.
1564 4629 1685 4676 276.
1831 4625 1873 4689 8)
1913 4626 2198 4676 Iacobum.
2348 4626 2390 4691 ⁴)
2429 4627 2592 4677 Son-st
2627 4630 2725 4681 wic
2761 4630 2839 4678 im

385 4728 614 4778 vonum.
