4000 5700
1140 529 1585 584 REGESTUM
1621 529 2312 584 VOLATERRANUM
2848 528 2952 580 297

503 732 762 804 tempus
803 725 902 786 vel
945 729 1275 804 perpetuo,
1319 724 1404 784 ad
1447 724 1696 784 firmam
1743 721 1849 785 vel
1888 722 2010 785 sub
2051 743 2247 786 censu
2290 723 2745 795 concesserint3
2797 742 2954 801 quo·

499 842 643 887 rum
685 821 887 901 aliqui
925 841 1116 901 super
1156 821 1254 883 his
1294 821 1379 882 ab
1422 840 1521 899 ap.
1566 820 1714 882 sede
1757 820 2006 882 litteras
2046 822 2115 883 in
2154 821 2364 882 forma
2405 820 2731 882 communi
2755 820 2952 899 impe·

499 928 701 983 trasse
730 920 1046 981 dieantur.
1076 919 1365 989 Mandat,
1395 921 1702 997 quatinus
1733 918 1908 979 bona
1933 926 2212 980 revocet.
2295 937 2324 978 α
2345 919 2445 979 Ad
2491 918 2883 979 audientiam
2907 940 2951 978 ».

498 1020 647 1080 Dat.
692 1020 870 1098 apud
911 1018 1436 1080 Urbemveterem
1477 1016 1602 1078 kal.
1646 1017 1819 1087 maii,
1861 1025 2041 1097 pont.
2088 1017 2138 1078 Ι.

828 1114 987 1177 Vou.
1029 1114 1272 1178 AVeeo.
1301 1135 1350 1177 ε.
1380 1114 1571 1175 XIII
1596 1113 1719 1175 deo.
1750 1114 1790 1175 9
1816 1135 1880 1177 n.
1910 1117 1948 1176 1
1977 1114 2152 1194 Orio.
2199 1114 2413 1194 (Bulla
2451 1115 2765 1192 verloren).

496 1306 632 1364 881.
2158 1302 2417 1370 Orvieto‚
2460 1302 2538 1363 21
2589 1301 2731 1361 Mai
2769 1300 2952 1362 1281.

618 1401 1027 1463 Martinus
1068 1401 1176 1463 IV
1204 1402 1514 1463 universis
1542 1420 1655 1479 per
1681 1400 1979 1462 Tusciam
2008 1402 2274 1480 imperio
2301 1399 2622 1461 subiectis.
2710 1399 2951 1472 Monet,

498 1505 573 1558 ut
614 1498 946 1577 Rodulphi
971 1498 1412 1561 Romanorum
1439 1498 1604 1576 regis
1631 1498 1883 1558 vicariis
1911 1498 2311 1579 generalibus
2353 1497 2676 1558 obediant.
2760 1514 2791 1555 «
2811 1497 2956 1557 Etsi

498 1596 928 1657 Romanum».
1017 1598 1165 1658 Dat.
1209 1597 1387 1674 apud
1427 1594 1956 1656 Urbemveterem
1998 1595 2136 1656 XII
2179 1593 2302 1656 kal.
2349 1598 2497 1665 iun„
2542 1600 2720 1673 pont.
2766 1594 2815 1655 Ι.

817 1694 950 1754 San
995 1693 1377 1770 Gimiqnano
1417 1692 1653 1753 AOom.
1683 1693 1865 1753 Liber
1905 1692 2164 1753 blancus
2207 1693 2304 1752 82'
2330 1692 2483 1769 Cop.
2527 1711 2579 1751 8.
2631 1691 2820 1751 XIII
2862 1710 2952 1752 ex.

815 1791 975 1853 Edd.
1019 1790 1344 1870 Raynaldi
1385 1790 1672 1852 Annales
1698 1792 1741 1867 ¹)
1783 1788 1869 1850 ad
1893 1789 2053 1851 1281
2085 1791 2239 1868 517.
2324 1791 2511 1851 Lami
2539 1790 2955 1851 monumenta

815 1890 854 1949 I
897 1890 1037 1950 497.
1143 1889 1415 1950 Theiner
1475 1887 1680 1949 Codex
1733 1888 1887 1966 dipl.
1944 1889 2215 1950 dominii
2270 1890 2624 1967 temporalis
2652 1891 2694 1967 ¹)
2752 1888 2791 1947 I
2833 1888 2953 1949 251

814 2007 879 2046 n.
923 1987 1060 2048 397.
1115 1987 1249 2049 MG
1268 1987 1396 2048 LL.
1442 1986 1626 2047 sectio
1651 1985 1756 2047 IV
1784 1985 2269 2047 Constitutione-9
2312 1986 2425 2046 III
2470 1987 2593 2048 260
2630 2006 2696 2047 n.
2741 1986 2862 2047 267
2884 1985 2953 2060 ¹).
3066 2042 3071 2046 .

813 2086 1004 2162 Reyq.
1034 2085 1112 2146 P.
1144 2086 1364 2147 21757.
1394 2084 1706 2161 quistres
1744 2084 1819 2145 de
1861 2085 2109 2145 Mau-tin
2149 2084 2270 2156 IV,
2302 2105 2420 2162 par
2450 2085 2537 2145 les
2562 2084 2855 2146 membres
2879 2084 2955 2145 de

818 2183 1050 2244 l’E'cole
1087 2183 1398 2259 framise
1437 2182 1511 2242 de
1550 2182 1744 2244 Rome
1784 2182 1823 2242 4
1862 2202 1926 2243 n.
1972 2182 2029 2243 9.

494 2372 632 2430 882.
2151 2367 2411 2439 OrvietO,
2455 2368 2534 2428 24
2578 2367 2725 2427 Mai
2767 2367 2948 2428 1281.

614 2467 954 2530 Carolus
996 2487 1106 2529 rex
1149 2466 1355 2527 Sicilie
1397 2466 1730 2526 universos
1769 2484 1887 2543 per
1926 2465 2227 2526 Tusciam
2269 2465 2661 2526 constitutos
2711 2473 2949 2537 monet,

496 2573 568 2625 ut
615 2566 866 2626 vicariis
907 2565 1167 2625 Rodulfi
1208 2565 1372 2644 regis
1414 2562 1854 2624 Romanorum
1898 2563 2226 2625 obediant.

814 2664 950 2724 San
992 2663 1372 2739 Gimiqnano
1416 2659 1651 2721 AOom.
1683 2660 1866 2721 Liber
1898 2661 2160 2722 blancus
2199 2658 2296 2722 82'
2338 2662 2488 2740 Gop.
2533 2682 2585 2723 s.
2629 2661 2819 2723 XIII
2861 2681 2949 2722 ex.

815 2760 971 2821 Edd.
1016 2760 1203 2821 Lami
1245 2760 1656 2821 Monumenta
1704 2759 1738 2817 I
1785 2758 1920 2818 495.
1973 2759 2109 2820 ΜΘ
2149 2760 2275 2821 LL.
2333 2761 2517 2821 sectio
2558 2760 2660 2821 IV
2708 2759 2949 2821 Consti-

813 2862 1076 2921 tutione&
1132 2860 1249 2920 III
1291 2859 1410 2921 261
1454 2879 1515 2919 n.
1559 2858 1699 2919 268.
1785 2857 1931 2935 Ray.
1974 2859 2342 2920 David-§olm
2382 2858 2825 2938 Forsckunqen
2871 2861 2910 2920 I
2914 2860 2952 2920 I

812 2959 934 3019 219
961 2979 1022 3018 n.
1053 2947 1235 3019 1629.
1275 2955 1620 3033 Verqleicke
1659 2956 1954 3016 Bc'jhmer-
1959 2957 2217 3018 Reduci»
2260 2958 2438 3019 1343.

492 3121 626 3179 883.
2021 3117 2410 3188 PuliccianO,
2453 3119 2535 3179 25
2576 3118 2724 3178 Mai
2766 3118 2951 3181 1281.

617 3215 1090 3286 MCCLXXXI,
1135 3216 1263 3280 ind.
1310 3215 1531 3286 v,1111
1577 3216 1768 3276 XXV
1826 3219 1994 3276 maii.
2096 3216 2347 3294 Bonghi
2387 3217 2467 3277 dc
2519 3214 2950 3277 Bondelmon-

494 3316 668 3377 tibus
693 3317 740 3393 ⁸)
783 3321 1073 3393 potestas
1114 3316 1401 3376 comunis
1432 3312 1783 3376 Pulicciani
1810 3333 2121 3376 consensu
2151 3314 2243 3374 VI
2271 3313 2773 3375 consiliariorum
2801 3333 2949 3374 con·

491 3416 708 3474 stituit
752 3410 1110 3491 Galganum
1154 3413 1259 3491 qd.
1291 3412 1480 3472 Fedis
1514 3412 1596 3472 de
1638 3411 2005 3473 Pulicciano
2044 3412 2359 3472 sindicum
2403 3413 2692 3472 comunis
2733 3431 2949 3473 coram

495 3513 778 3590 Rayne
796 3512 913 3571 rio
957 3531 1052 3589 ep.
1095 3510 1271 3571 Vult.
1316 3509 1401 3570 ad
1441 3509 1798 3587 parendum
1840 3511 1971 3569 suis
2016 3509 2357 3581 mandatis,
2405 3510 2553 3570 licet
2597 3509 2946 3570 absentem.

491 3610 634 3670 Aet.
681 3609 855 3688 apud
897 3608 1270 3669 canonicam
1300 3628 1346 3668 s.
1396 3606 1661 3667 Eusebii
1687 3606 2054 3669 Pulicciani.
2128 3607 2295 3668 Dino
2324 3608 2531 3668 iudice
2565 3607 2609 3668 f.
2642 3607 2947 3667 Ranucci.

492 3714 680 3780 Chele
711 3717 817 3794 qd.
850 3715 1272 3776 Riccomanni
1298 3716 1528 3775 nuntio
1557 3715 1862 3775 comunis.
1933 3712 2238 3775 Manuhel
2277 3722 2410 3775 not.
2457 3715 2562 3794 qd.
2607 3715 2664 3794 [.
2687 3763 2698 3775 .
2724 3715 2779 3794 .]
2813 3713 2951 3773 dini

492 3801 872 3875 Manuhell'is
912 3814 994 3874 de
1035 3810 1417 3873 PuliccianO.

823 3911 978 3974 Volt.
1026 3912 1263 3976 AVeeo.
1306 3930 1354 3970 s.
1399 3909 1591 3970 XIII
1631 3910 1752 3971 dec.
1798 3909 1838 3970 9
1878 3931 1937 3971 n.
1983 3911 2025 3971 2
2065 3910 2236 3988 Oriq.

490 4102 623 4160 884.
2017 4096 2407 4170 Pulicciano,
2451 4097 2533 4158 26
2574 4097 2655 4157 M
2656 4117 2722 4158 m
2764 4096 2945 4158 1281.

609 4196 1088 4269 MOOLXXXI,
1131 4196 1260 4256 ind.
1306 4195 1528 4268 VIIII,
1571 4196 1676 4258 die
1721 4195 1948 4257 XXVI
1992 4195 2161 4255 maii
2257 4194 2552 4267 GucciuS,
2597 4193 2947 4256 Orlanduc·

489 4297 621 4356 cius
664 4302 731 4356 et
773 4295 1155 4355 Poscuccius
1195 4294 1425 4354 fratres
1465 4293 1508 4354 f.
1554 4294 1660 4372 qd.
1707 4293 2167 4354 Bonaventure
2208 4293 2288 4353 de
2318 4292 2730 4354 Pulicciano
2712 4312 2780 4353 m
2808 4312 2946 4372 pre-

489 4394 700 4453 sentia
740 4393 1036 4472 Arringhi
1076 4393 1181 4471 qd.
1229 4393 1441 4453 Buoni
1479 4392 1560 4453 de
1603 4392 1968 4453 Pulicciano
2012 4393 2235 4451 vicarii
2289 4390 2542 4470 Bonghi
2594 4391 2676 4452 de
2732 4390 2945 4452 Buon·

639 4585 681 4648 ¹)
721 4584 842 4634 Aue
878 4584 998 4634 dem
1033 4584 1275 4646 Reqister
1309 4583 1402 4633 da
1437 4583 1685 4644 Ραρεεοσ,
1724 4589 1845 4632 tom.
1885 4585 1951 4632 41
1989 4582 2030 4641 s.
2071 4579 2137 4631 3'.
2284 4581 2329 4644 2)
2370 4581 2451 4630 Er
2488 4588 2655 4631 neunt
2692 4596 2796 4630 von
2830 4580 2948 4641 fril-

487 4674 646 4722 heren
684 4673 936 4722 Drucken
972 4688 1077 4721 nur
1112 4673 1217 4722 den
1254 4672 1512 4721 Theium-e
1548 4688 1652 4720 aus
1687 4671 1807 4721 dem
1843 4672 2100 4733 Reqister.
2247 4671 2292 4734 ³)
2331 4670 2453 4718 Aus
2491 4671 2611 4720 dem
2647 4669 2948 4718 bekannton

487 4764 674 4811 Haase
715 4762 1127 4811 Buondelmonci
1163 4762 1226 4810 in
1264 4762 1501 4812 Florem.
