4000 5700
1132 503 1200 555 10
1778 500 2218 555 REGESTUM
2257 498 2938 553 VOLATERRANUM

1111 697 1435 758 iuditiaria
1477 697 1558 757 de
1600 695 1784 775 plebe
1839 716 1887 756 s.
1934 695 2243 756 Iohannis
2285 702 2350 753 et
2393 716 2439 755 s.
2494 694 2839 755 Alexandri
2883 696 3011 755 isto
3050 694 3356 755 Morberti
3397 695 3578 773 quod

1110 814 1285 867 sum;
1330 794 1520 855 ambe
1563 799 1930 856 mensurate
1957 800 2025 856 et
2069 795 2367 872 perticae,
2410 792 2586 872 quod
2628 799 2726 853 est
2768 793 2848 853 de
2896 799 3067 853 terra
3113 793 3289 853 culta
3332 793 3574 854 modio·

1112 913 1251 954 rum
1276 893 1340 953 X
1369 899 1437 954 et
1465 895 1807 953 stariorum
1830 897 1873 970 ¹)
1900 892 2086 965 VIII,
2110 892 2190 953 de
2213 900 2383 953 terra
2410 891 2668 952 arabilis
2693 891 2860 952 mod.
2889 890 2978 962 II,
3003 892 3084 952 de
3106 899 3277 952 terra
3298 900 3569 970 agresta,

1113 992 1273 1051 silva
1316 1000 1382 1051 et
1436 996 1721 1070 sterpeto
1778 991 1948 1052 mod.
1994 991 2126 1052 VII
2168 996 2234 1051 et
2277 997 2430 1051 star.
2477 989 2629 1051 XX.
2677 990 2946 1069 Recepit
3003 990 3234 1051 Petrus
3288 1010 3328 1049 a
3373 989 3571 1050 Wini-

1113 1090 1323 1150 hildus
1366 1089 1430 1148 X
1477 1091 1872 1150 massaricias
1913 1091 1978 1149 in
2023 1091 2196 1150 locas
2235 1096 2302 1149 et
2342 1088 2664 1165 fumdas¹)
2695 1088 2804 1148 ubi
2847 1089 2971 1149 dic.
3018 1088 3051 1149 I
3091 1087 3176 1148 ad
3205 1087 3424 1147 Monte
3465 1086 3571 1146 Se-

1112 1188 1346 1249 oumdo
1386 1191 1496 1268 qui
1541 1209 1589 1249 r.
1632 1188 1761 1249 fuit
1802 1208 1916 1267 per
1956 1188 2189 1248 Alboni
2220 1207 2442 1259 mans„
2473 1187 2543 1248 II
2586 1189 2650 1248 in
2681 1188 3036 1266 Pingnano,
3068 1185 3176 1247 ubi
3209 1185 3401 1246 modo
3429 1206 3569 1246 voc.

1111 1287 1474 1359 Casalovr0‚
1519 1307 1567 1348 r.
1612 1286 1735 1347 fuit
1782 1305 1893 1364 per
1934 1284 2224 1345 Iohanne
2254 1304 2456 1345 mans,
2487 1292 2554 1345 et,
2584 1285 2776 1346 modo
2803 1304 2918 1363 per
2946 1284 3235 1345 Iohanne
3275 1289 3342 1343 et
3378 1283 3572 1344 Petro

1112 1404 1339 1455 mans„
1384 1384 1491 1459 III
1532 1387 1596 1445 in
1643 1384 1986 1453 PusscanO,
2030 1404 2078 1444 r.
2121 1383 2250 1443 fuit
2289 1402 2406 1462 per
2445 1382 2611 1444 Gillo
2653 1402 2855 1444 mans.
2899 1388 2968 1444 et
2997 1381 3191 1443 modo
3223 1401 3337 1460 per
3378 1381 3576 1441 Petro

1110 1482 1156 1542 f.
1189 1503 1336 1555 suo;
1371 1483 1531 1544 1111.
1566 1484 1640 1544 V.
1686 1482 1798 1542 VI.
1844 1482 1973 1542 VII
2018 1483 2083 1542 in
2125 1481 2404 1553 Gemt-ili‚
2448 1481 2574 1542 due
2618 1502 2665 1542 r.
2695 1481 2958 1542 fuerunt
2986 1499 3099 1560 per
3129 1481 3306 1540 Raoo
3339 1487 3406 1539 et
3441 1480 3576 1538 An·-

1109 1581 1264 1641 drea
1307 1601 1507 1641 mans,
1553 1588 1618 1641 et
1664 1580 1854 1641 modo
1898 1600 2009 1659 per
2050 1581 2285 1641 Petrus
2323 1579 2529 1657 presb.
2576 1587 2642 1641 et
2683 1580 2870 1651 Urso,
2915 1578 3036 1639 alie
3077 1598 3124 1638 r.
3170 1577 3431 1637 fuerunt
3459 1595 3572 1654 per

1110 1679 1341 1739 Petrus
1386 1698 1585 1738 mans.
1625 1684 1691 1737 et
1737 1677 1929 1737 modo
1970 1697 2083 1755 per
2123 1676 2167 1736 f.
2214 1678 2310 1737 sui
2352 1677 2709 1755 Uualperto
2750 1684 2817 1737 et
2859 1676 3116 1736 Andrea
3145 1676 3404 1736 clericos
3444 1693 3566 1750 gg„

1111 1774 1294 1835 VIII.
1327 1775 1526 1835 VIIII
1556 1777 1622 1834 in
1651 1775 1851 1845 Luve,
1881 1794 2014 1835 una
2041 1794 2090 1834 r.
2120 1774 2247 1834 fuit
2275 1794 2389 1852 per
2428 1774 2672 1835 Ardulo
2701 1793 2902 1834 mans.
2927 1780 2994 1833 et
3023 1772 3214 1833 modo
3241 1790 3355 1850 per
3380 1771 3567 1841 Urso,

1112 1873 1238 1934 alia
1279 1893 1327 1933 r.
1373 1873 1497 1933 fuit
1543 1893 1658 1952 per
1700 1873 1929 1933 Veneri
1972 1880 2039 1932 et
2081 1871 2273 1933 modo
2315 1891 2428 1949 per
2470 1872 2662 1933 Petro
2702 1879 2769 1932 et
2812 1871 3086 1932 Baruoio
3127 1890 3351 1941 mans.;
3397 1868 3462 1928 X
3505 1870 3572 1928 in

1114 1972 1593 2049 ArmungnanO,
1628 1972 1692 2031 in
1722 1990 1851 2049 qua
1881 1972 2013 2030 iam
2040 1970 2166 2030 fuit
2208 1969 2610 2041 domnicatam
2655 1975 2803 2029 octo
2843 1974 2997 2029 sunt
3037 1969 3204 2028 infra
3245 1967 3571 2027 iuditiario.

1112 2068 1192 2127 de
1236 2068 1418 2145 plebe
1460 2088 1506 2128 s.
1556 2068 1754 2129 Marie
1795 2069 1917 2128 site
1960 2067 2463 2146 Magrungnano‚
2509 2086 2678 2127 nona
2719 2067 2885 2127 infra
2920 2065 3250 2126 iuditiaria
3275 2064 3358 2125 de
3383 2064 3580 2142 plebe·

1113 2186 1160 2226 s.
1209 2165 1451 2226 Donati
1493 2169 1618 2226 sito
1661 2166 1983 2245 Luppisci,
2016 2166 2264 2226 decima
2293 2165 2460 2225 infra
2489 2165 2814 2226 iuditiaria
2841 2164 3071 2244 pleben
3099 2164 3179 2225 de
3212 2165 3566 2241 episcopio;

1116 2265 1233 2325 iste
1274 2263 1428 2324 dece
1473 2265 1834 2325 massaricie
1876 2270 2029 2324 sunt
2084 2270 2450 2326 mensurate
2508 2262 2590 2325 ad
2633 2264 2939 2342 perticas,
2985 2263 3151 2323 inter
3192 2260 3452 2322 ortalias
3500 2269 3572 2323 eb

1116 2364 1333 2434 vineis»,
1379 2364 1541 2423 areis
1583 2362 1692 2422 ubi
1752 2364 1916 2423 vites
1971 2368 2200 2423 extant
2259 2362 2427 2422 mod.
2475 2369 2605 2422 tres
2659 2368 2726 2423 et
2782 2370 2934 2421 star.
2979 2359 3207 2432 XXII,
3250 2361 3330 2420 de
3384 2362 3570 2420 terris

1111 2461 1300 2520 cultis
1343 2460 1512 2521 mod.
1544 2461 1815 2522 duodeci
1845 2467 1910 2519 et,
1939 2466 2092 2520 star.
2126 2459 2341 2531 sideoi,
2363 2464 2408 2535 ⁸)
2452 2460 2532 2521 de
2561 2460 2747 2520 terris
2788 2457 3045 2520 arabilis
3089 2459 3256 2520 mod.
3288 2465 3570 2536 quatuor

1112 2564 1177 2616 et
1220 2564 1370 2617 star.
1415 2578 1526 2618 sex
1567 2557 1649 2618 de
1689 2560 1873 2618 terris
1917 2559 2203 2636 agrestia,
2248 2558 2424 2617 silvis
2464 2564 2531 2617 et
2571 2563 2890 2635 sterpetas
2934 2557 3104 2618 mod.
3149 2555 3444 2635 quindeei
3501 2561 3571 2616 et

1111 2660 1263 2713 star.
1295 2661 1593 2733 quatuor.
1626 2655 1856 2715 Missus
1896 2654 2178 2715 direct-us
2220 2655 2304 2715 da
2347 2675 2494 2733 pars
2534 2675 2632 2732 ep.
2675 2654 2894 2716 Uuido
2920 2654 2965 2715 f.
2999 2654 3060 2716 b.
3093 2675 3178 2715 m.
3207 2652 3566 2732 Teudinghi

1111 2772 1174 2830 q.
1218 2752 1450 2813 Teutio
1493 2772 1652 2826 voc„
1698 2756 2115 2813 extimatores
2159 2751 2487 2813 Ubbertus
2527 2752 2573 2813 f.
2632 2752 2695 2813 b.
2741 2773 2824 2813 m.
2870 2752 3067 2824 Petri,
3112 2751 3475 2813 Gherardus
3517 2750 3567 2810 f.

1112 2848 1171 2910 b.
1206 2871 1289 2911 m.
1322 2851 1645 2922 Ostriiusi,
1690 2851 2010 2913 Rodulfus
2052 2850 2097 2911 f.
2143 2851 2204 2912 b.
2253 2871 2335 2912 m.
2383 2851 2719 2912 Rainberti
2762 2871 2823 2930 q.
2879 2851 3140 2912 Reintio
3195 2870 3333 2912 voe.
3418 2850 3562 2909 Act.

1112 2949 1250 3009 loco
1292 2951 1466 3010 intus
1521 2957 1696 3010 turre
1737 2950 1818 3010 de
1872 2951 2361 3029 Magrungnano
2404 2951 2730 3010 territurio
2770 2949 2983 3010 Volot.
3070 2950 3299 3010 Petrus
3339 2968 3438 3026 ep.
3482 2967 3564 3008 se.

1112 3045 1171 3105 S.
1220 3067 1301 3107 m.
1346 3047 1695 3109 Winihildi.
1741 3047 1911 3110 Widi
1956 3049 2205 3107 missus.
2252 3047 2582 3108 Ubbertus
2623 3049 2736 3126 qui
2778 3050 3195 3108 extimatores
3240 3047 3353 3107 fui.
3399 3045 3566 3107 Gho-

1111 3144 1277 3204 rardi
1302 3146 1413 3223 qui
1441 3147 1856 3206 extimatores
1884 3144 1995 3204 fui.
2032 3144 2292 3205 Rodulfi
2319 3146 2431 3223 qui
2458 3147 2876 3206 extimatores
2904 3144 3016 3206 fui.
3050 3144 3346 3205 Donatus
3375 3142 3568 3230 iudex

1113 3242 1264 3319 imp.
1327 3249 1402 3302 m..
1463 3262 1543 3303 sa.
1589 3243 1970 3323 Ingalbaldo
2013 3243 2205 3303 iudex
2249 3244 2402 3321 imp.
2449 3243 2732 3304 Berardo
2779 3251 2914 3305 not.
2967 3245 3119 3322 imp.
3177 3242 3567 3303 Adalbertus

1113 3346 1246 3399 not.
1294 3342 1442 3419 imp.
1502 3347 1584 3401 tt.
1641 3360 1723 3401 ss.
1782 3341 2212 3402 IldibranduS.
2271 3339 2640 3402 Gherardus
2697 3348 2775 3401 tt.
2835 3361 2916 3402 ss.
3021 3341 3253 3402 Petrus
3306 3345 3442 3400 not.
3499 3345 3567 3398 et

1112 3436 1302 3498 iudex
1346 3440 1498 3517 imp.

1444 3535 1595 3598 Vols.
1642 3537 1881 3598 AVesc.
1927 3556 1976 3598 8.
2022 3537 2087 3598 X
2128 3537 2251 3598 dec.
2297 3538 2337 3598 6
2376 3558 2440 3599 n.
2486 3538 2524 3598 1
2566 3536 2739 3616 Oriq.
2825 3537 2946 3598 Git.
2999 3536 3253 3616 Uqhelli
3285 3538 3347 3598 Ἰ
3381 3536 3564 3597 1430.

1112 3733 1211 3790 49.
2801 3733 3096 3803 Volterra,
3140 3734 3387 3810 August
3425 3733 3566 3794 971.

1233 3825 1392 3887 Otto
1434 3830 1565 3906 inp.
1602 3848 1656 3889 a.
1687 3827 1752 3888 X
1795 3835 1861 3889 et
1904 3829 1948 3889 f.
1980 3831 2115 3889 eius
2146 3831 2302 3892 item
2332 3830 2539 3892 Otto
2521 3851 2652 3911 inp.
2685 3851 2742 3891 a.
2777 3830 2937 3903 1111,
2970 3850 3139 3911 aug„
3171 3831 3300 3891 ind.
3332 3829 3563 3891 XIIII.

1113 3924 1396 3985 Gundo
1438 3928 1776 3988 archidiae.
1824 3930 2189 4032 prepositus
2232 3949 2279 3989 s,
2313 3928 2646 3991 Ottabiani
2693 3931 2890 3989 instes
2910 3928 3215 4007 ⁴)domus
3242 3930 3566 4007 episcopio

1110 4042 1158 4082 s.
1216 4024 1415 4083 Marie
1471 4024 1783 4085 Voloterr.
1843 4025 1948 4085 lib.
2010 4047 2180 4087 nom.
2243 4027 2426 4088 firmo
2474 4028 2714 4088 Manno
2766 4027 2812 4087 f.
2871 4027 2978 4106 qd.
3034 4027 3405 4105 Teudiperti
3459 4045 3578 4086 seo

1109 4129 1173 4180 et·
1215 4121 1381 4182 Urso
1423 4121 1468 4182 f.
1514 4122 1620 4201 qd.
1667 4123 1842 4183 Petri
1884 4127 2061 4201 petia
2104 4124 2184 4184 de
2227 4131 2397 4186 terra
2439 4127 2506 4185 in
2546 4124 2790 4186 Collina
2833 4145 3032 4204 prope
3075 4126 3222 4186 eccl.
3275 4145 3324 4186 s.
3376 4124 3567 4186 Otta-

1111 4219 1284 4280 biani
1310 4223 1377 4297 5),
1423 4226 1685 4281 tenente
1738 4222 1803 4281 in
1862 4225 2085 4298 (terra)
2128 4222 2209 4283 de
2266 4224 2378 4284 filii
2436 4223 2895 4295 Ildebrandini,
2942 4225 3050 4284 via
3103 4222 3424 4303 pubblica‚
3487 4222 3572 4284 de

1110 4320 1436 4386 canonica,
1462 4337 1599 4396 -pro
1642 4337 1817 4395 pene.
1864 4321 1930 4378 in
1971 4319 2117 4380 fest.
2164 4341 2212 4381 s.
2259 4322 2457 4382 Marie
2499 4324 2567 4383 in
2610 4342 2751 4401 aug.
2797 4341 2929 4401 arg.
2976 4320 3120 4383 den.
3164 4341 3277 4382 sex
3324 4320 3385 4382 b.
3419 4340 3564 4400 exp.

1111 4416 1315 4493 qualis
1357 4435 1471 4496 per
1513 4421 1710 4495 temp.
1757 4437 1837 4491 o.;
1882 4437 2027 4497 pen.
2074 4439 2206 4499 arg.
2251 4421 2363 4481 sol.
2397 4422 2636 4500 trigita.
2724 4421 2868 4481 Act.
2903 4420 3249 4481 Voloterre.
3333 4418 3606 4481 Gundo·

1263 4623 1305 4686 ¹)
1333 4641 1395 4670 :z
1423 4627 1811 4682 sextariorum.
1852 4628 2219 4678 sistat-iorum.
2369 4628 2410 4689 ⁹)
2441 4646 2503 4674 :z
2531 4628 2664 4678 loeis
2701 4634 2758 4677 et
2794 4628 2997 4678 fundis.
3147 4625 3191 4693 ⁸)
3223 4644 3286 4675 z
3310 4626 3566 4677 sedecim.

1118 4709 1160 4772 ⁴)
1186 4727 1246 4757 :z
1266 4709 1441 4761 iuxta.
1590 4711 1635 4777 ¹⁵)
1663 4714 1767 4764 Die
1791 4716 2207 4778 urspriae'nqliche
2233 4715 2730 4779 Oetam-imukapelle
2765 4732 2857 4766 am
2893 4717 3095 4767 rechten
3139 4715 3271 4776 Usar
3305 4715 3396 4765 der
3431 4713 3570 4764 Era.
