4000 5700
1096 471 1197 520 108
1736 466 2183 522 REGESTUM
2221 467 2904 523 VOLATERRANUM

1086 665 1282 725 castri
1322 663 1546 726 Sancti
1582 664 1949 725 Geminiani
1988 666 2274 726 iuramus
2298 664 2640 726 defendere
2673 664 3006 743 Paganum
3036 669 3262 724 contra
3289 663 3536 724 Vulter·

1086 780 1295 835 tanos,
1340 764 1394 822 si
1434 782 1565 824 non
1606 763 2004 824 reddiderint
2031 770 2316 824 castrum
2345 764 2428 823 de
2457 763 2985 842 Ripamarrancia
3009 769 3076 822 et
3101 769 3366 841 paetum
3392 779 3534 822 cum

1082 880 1185 940 ep.
1228 881 1362 922 non
1401 860 1671 923 fecerint
1712 862 2066 925 secundum
2110 862 2514 923 volunt-atem
2558 867 2880 924 rectorum
2923 858 3026 922 vel
3065 860 3395 922 consulum
3436 877 3536 921 oo·

1086 960 1300 1022 munis
1328 958 1552 1020 Sancti
1578 959 1959 1033 Geminiani,
1989 960 2072 1020 de
2099 959 2320 1020 Monte
2343 958 2637 1020 Vultraio
2664 966 2733 1019 et
2758 960 2840 1019 de
2873 958 3115 1020 Casule.
3201 958 3540 1038 Eliguntur

1082 1056 1313 1118 arbitri
1353 1058 1440 1117 ad
1480 1057 1887 1118 diffiniendas
1927 1056 2395 1118 controversias
2437 1059 2606 1118 inter
2643 1076 2744 1135 ep.
2789 1058 3052 1135 eiusque
3089 1055 3320 1118 fratres
3344 1063 3412 1117 et
3438 1073 3539 1116 co-

1086 1174 1281 1215 mune
1320 1153 1540 1216 Sancti
1583 1154 1967 1216 Geminiani.
2036 1154 2400 1227 MCCXHI,
2430 1156 2561 1216 ind.
2592 1154 2660 1227 1;
2690 1155 2860 1215 diem
2884 1173 3013 1216 non
3039 1155 3357 1233 apposuit,
3387 1156 3540 1234 quia

1085 1251 1377 1331 pluribus
1418 1252 1666 1313 vicibus
1707 1254 2106 1314 iuraverunt.
2194 1253 2596 1316 Bonacorsus
2617 1255 2662 1330 ¹)
2703 1259 2840 1314 not.

1417 1350 1577 1414 Vou.
1622 1352 1864 1414 AVeoc.
1898 1371 1950 1413 ε.
1982 1351 2174 1412 XIII
2200 1351 2325 1413 dec.
2355 1353 2398 1413 2
2425 1371 2488 1412 n.
2517 1352 2600 1413 13
2626 1351 2800 1428 Oriq.
2843 1351 3028 1412 Liber
3066 1353 3306 1412 furium
3334 1352 3411 1412 11
3438 1352 3540 1412 cit.

1086 1546 1226 1626 306.
1811 1549 1949 1610 San
1992 1549 2263 1610 Lorenzo
2303 1568 2346 1609 a
2385 1546 2644 1609 Tre-selae
2686 1547 2782 1609 bei
2822 1548 3013 1621 Nera,
3057 1548 3097 1608 9
3141 1547 3321 1608 Mc‘irz
3362 1546 3538 1609 1213.

1205 1642 1535 1718 MOCXJI,
1581 1645 1711 1706 ind.
1758 1644 1810 1720 Ι,
1854 1646 1985 1707 VII
2028 1645 2114 1706 id.
2161 1651 2349 1705 mart.
2434 1645 2569 1706 Nos
2611 1644 2963 1705 Ricoverus
3005 1644 3084 1706 de
3125 1646 3347 1706 Monte
3395 1645 3539 1705 Vol·

1088 1742 1290 1802 trario
1329 1742 1437 1821 qd.
1495 1742 1912 1816 Gisliccionis,
1956 1742 2438 1804 Ildibrandinus
2492 1749 2558 1803 et
2616 1741 2891 1803 Iacobus
2946 1743 3110 1802 eius·
3120 1741 3164 1801 f.
3207 1742 3543 1803 vendimus

1089 1836 1209 1898 tibi
1253 1837 1497 1901 Gullo
1539 1843 1957 1919 potestati
1998 1840 2219 1901 Vult.
2263 1842 2511 1919 petium
2555 1846 2723 1900 terre
2750 1858 2898 1899 cum
2939 1858 3089 1899 casa
3118 1840 3184 1899 in
3209 1844 3422 1900 castro
3462 1838 3542 1899 de

1088 1934 1287 2014 Nigra
1328 1943 1394 1996 et
1435 1939 1504 1999 in
1536 1957 1825 2012 cassat-03
1872 1938 2036 1998 med.
2082 1937 2115 1997 Ι
2157 1938 2388 2016 spactii
2429 1939 2497 1998 in
2537 1957 2670 2016 quo
2708 1943 2807 1997 est
2849 1938 3064 2008 turris,
3095 1938 3288 2014 positi
3315 1939 3380 1997 in
3407 1955 3540 1997 cas·

1086 2051 1265 2106 saro;
1310 2036 1343 2096 I
1386 2037 1706 2115 spactium
1747 2037 1815 2100 in
1857 2041 2070 2098 castro
2110 2043 2179 2097 et·
2216 2037 2249 2096 I
2292 2038 2357 2096 in
2413 2036 2649 2116 burgo;
2705 2034 3204 2097 iurisdictionem
3253 2040 3540 2094 nostram

1088 2132 1153 2191 in
1195 2138 1428 2205 castro,
1472 2153 1745 2206 cassam,
1791 2141 1991 2205 curte,
2037 2140 2366 2196 reservata
2407 2136 2804 2213 proprietate
2844 2134 2912 2192 in
2952 2133 3128 2193 curia
3168 2138 3235 2193 et
3270 2133 3405 2192 iure
3430 2151 3539 2210 pa-

1086 2234 1387 2290 tronatus
1428 2232 1495 2291 in
1525 2232 1709 2311 plebe
1736 2232 1818 2292 de
1849 2231 2070 2312 Nigra;
2103 2234 2382 2310 pretium
2414 2231 2534 2292 XL
2562 2232 2671 2293 lib.
2702 2232 2847 2292 den.
2880 2229 3055 2291 Vult.
3137 2230 3280 2290 Iota
3309 2230 3417 2309 qd.
3439 2228 3541 2290 Ti·

1086 2328 1252 2387 niosi
1294 2347 1457 2389 uxor
1498 2330 1793 2391 Ricoveri
1836 2331 2187 2391 consentio.
2299 2330 2443 2390 Aet.
2487 2329 2572 2389 ad
2633 2329 2880 2408 platani
2907 2331 2954 2404 ²)
3019 2330 3085 2388 in
3146 2328 3339 2389 domo
3392 2328 3541 2388 eccl.

1086 2444 1136 2486 s.
1167 2423 1515 2487 Laurentii.
1604 2427 2012 2488 Bonaiuncta
2053 2427 2281 2488 iudice.
2316 2426 2722 2487 Bonaccurso
2757 2427 2804 2487 f.
2836 2427 3040 2487 Anne.
3071 2425 3411 2486 Bonfiliolo
3435 2424 3541 2503 qd.

1084 2522 1412 2585 Tedeschi.
1496 2524 1808 2604 Tederigo
1847 2525 1891 2585 f.
1938 2524 2250 2605 Campuli.
2337 2524 2552 2587 Presb.
2585 2523 2925 2586 Guilielmo
2951 2521 3123 2585 dicte
3162 2524 3311 2584 ecel.
3393 2522 3544 2583 Vin·

1084 2622 1337 2681 centius
1378 2641 1428 2682 s.
1473 2624 1624 2701 imp.
1667 2629 1802 2684 not.

1407 2720 1673 2782 morem
1713 2721 1868 2782 Ast.
1916 2721 2112 2796 (Vozt.
2157 2722 2320 2783 1212
2369 2720 2422 2784 V
2463 2720 2522 2784 8.
2566 2740 2629 2781 η.
2675 2720 2820 2796 118)
2863 2719 3036 2797 Θήρ.

1088 2916 1229 2976 307.
2681 2917 3008 2989 Ghizzarw,
3054 2916 3130 2976 11
3176 2917 3323 2977 Mai
3362 2914 3539 2977 1213.

1209 3012 1571 3087 MCCXIII,
1618 3018 1747 3077 ind.
1791 3017 1845 3088 Ι,
1876 3017 2050 3078 Vid.
2084 3016 2255 3076 mad.
2350 3014 3051 3075 Rainalduscomes
3067 3013 3248 3093 ³)qd.
3292 3013 3541 3074 comitis

1088 3109 1338 3172 Alberti
1380 3115 1518 3174 iuro
1562 3115 1678 3176 tibi
1710 3114 1899 3175 Gullo
1926 3115 2034 3194 qd.
2067 3114 2312 3176 Faville
2342 3114 2651 3193 potestati
2690 3113 2866 3175 Vult.
2899 3119 3115 3173 tenere
3141 3130 3364 3190 pacem
3395 3129 3540 3171 cum

1090 3206 1458 3272 hominibus
1486 3211 1660 3272 Vult.
1693 3219 1759 3273 et
1786 3213 1979 3274 fort-ie
2006 3215 2142 3274 eius
2171 3219 2237 3273 et
2266 3211 2769 3281 coadiutoribus,
2799 3212 3183 3271 nominat—im
3211 3228 3359 3270 eum
3386 3209 3538 3269 lam-

1091 3305 1306 3367 bardis
1347 3314 1415 3369 et
1457 3309 1823 3371 hominibus
1864 3310 1944 3372 de
1986 3314 2404 3382 Castronov0‚
2447 3315 2516 3370 et
2559 3329 2684 3371 non
2728 3307 2990 3369 reddere
3018 3309 3110 3368 eis
3145 3307 3383 3367 malum
3417 3325 3538 3367 me-

1088 3404 1287 3464 ritum
1329 3406 1430 3467 vel
1472 3408 1956 3488 guilliardonem
1982 3413 2030 3485 ⁴)
2075 3410 2156 3469 de
2198 3409 2438 3488 guerris
2478 3407 2670 3468 factis
2713 3406 2869 3467 mihi
2923 3411 2987 3466 et
3044 3405 3412 3466 hominibus
3463 3405 3542 3466 de

1090 3500 1206 3562 Ilei
1247 3508 1315 3563 et
1355 3504 1873 3567 Monterotundo.
1916 3507 2200 3579 Faciam,
2245 3505 2419 3584 quod
2462 3505 2777 3566 lambardi
2805 3510 2873 3565 et
2907 3503 3196 3563 homines
3224 3502 3306 3563 de
3335 3502 3448 3563 Ilei
3476 3508 3542 3563 et

1088 3597 1378 3660 homines
1420 3600 1500 3662 de
1541 3602 2046 3664 Monte-rotundo
2087 3623 2126 3663 a
2169 3602 2380 3664 XIIII
2436 3602 2522 3663 ad
2573 3600 2763 3662 LXX
2820 3620 3020 3662 annos
3077 3600 3384 3661 iurabunt
3424 3598 3542 3659 tibi

1088 3694 1258 3755 sicut
1299 3717 1433 3776 ege.
1480 3699 1732 3772 Omnia,
1777 3720 1902 3779 que
1944 3702 2155 3761 iuravi
2195 3700 2404 3762 facere
2446 3700 2530 3761 ab
2588 3698 2952 3760 hominibus
2994 3697 3076 3759 de
3119 3697 3254 3767 Ilei,
3298 3696 3542 3758 Monte·

1088 3794 1388 3867 rotundO,
1433 3795 1652 3857 Monte
1694 3798 2051 3878 Ingengeri,
2095 3797 2332 3859 faciam
2374 3798 2510 3859 fieri
2552 3797 2637 3857 ad
2678 3796 2801 3856 XV
2853 3795 3007 3855 dies.
3058 3795 3209 3856 Iuro
3256 3795 3544 3856 homines

1089 3897 1154 3951 et
1198 3890 1371 3953 bona
1410 3896 1695 3956 civitatis
1735 3896 1913 3956 Vult.
1956 3916 2085 3957 non
2129 3897 2349 3957 tollere
2392 3917 2506 3958 nec
2549 3897 2888 3975 sphorzare
2929 3914 3045 3955 nec
3087 3894 3359 3967 datium,
3403 3912 3543 3973 pas-

1087 3990 1361 4068 sagium,
1426 3993 1686 4072 guidam
1748 3995 1838 4054 eis
1894 3993 2140 4055 tollere.
2197 3994 2345 4055 Non
2400 3996 2703 4073 recipiam
2760 3994 3038 4072 aliquem
3100 3993 3303 4053 civem
3367 3989 3540 4052 Vult.

1091 4088 1191 4147 vel
1231 4088 1559 4151 hominem
1601 4093 1758 4152 civis
1799 4112 1914 4153 nec
1956 4091 2302 4154 facientem
2359 4094 2612 4154 civitati
2667 4110 2959 4171 guerram
3015 4092 3081 4151 in
3138 4091 3294 4151 meis
3342 4089 3541 4150 terriS.

1092 4184 1278 4246 Dabo
1319 4190 1669 4249 comiatum
1712 4189 2012 4250 omnibus
2052 4189 2132 4250 de
2174 4190 2558 4252 Castelnovo
2600 4195 2668 4250 et
2708 4189 2906 4261 Vult„
2953 4189 3062 4265 qui
3121 4206 3369 4248 meeum
3409 4185 3542 4247 fue·

1088 4288 1241 4343 runt
1283 4284 1350 4343 in
1391 4284 1517 4345 ista
1558 4306 1804 4366 guerra.
1849 4290 1916 4351 Si
1956 4287 2276 4349 discordia
2316 4288 2510 4349 fuerit
2553 4288 2902 4348 confinium
2944 4287 3144 4348 curtis
3184 4284 3266 4345 de
3305 4284 3542 4346 Castel-

1234 4508 1274 4570 ¹)
1294 4507 1375 4558 Er·
1395 4523 1508 4559 war
1527 4508 1965 4562 Gemeindenoear
1989 4526 2095 4561 von
2116 4512 2237 4562 San
2265 4513 2606 4573 Gimiqnano.
2757 4512 2799 4574 ²)
2819 4530 2888 4558 =
2909 4510 3173 4576 plateam,
3199 4510 3312 4560 isat.
3340 4510 3543 4571 piano.

1089 4594 1133 4660 ²)
1182 4596 1299 4646 ch
1334 4596 1742 4649 Montes-mondo
1779 4616 1883 4649 am
1918 4601 2038 4650 dem
2081 4601 2266 4650 Haase,
2319 4600 2540 4651 Alter-ti.
2691 4601 2733 4663 ⁴)
2771 4600 2901 4650 Ital.
2955 4600 3295 4663 quidet-done,
3345 4606 3359 4626 ⁶
3391 4596 3544 4648 Gau·

1086 4685 1346 4749 aeschenk
1374 4685 1405 4732 ’.
