4000 5700
1100 525 1172 577 50
1750 521 2197 576 REGESTUM
2233 520 2914 575 VOLATERRANUM

1100 739 1313 782 comes
1335 739 1435 799 gg.
1455 718 1498 778 f.
1519 717 1581 778 b.
1602 738 1686 778 m.
1703 717 1829 797 Ugi
1852 736 2064 778 comes
2084 736 2198 795 per
2218 717 2481 795 lignum,
2499 716 2673 795 quod
2694 736 2811 777 sua
2831 716 3212 777 detinebant
3236 716 3549 778 manibuS.

1101 817 1527 879 investierunt
1568 821 1635 877 et
1675 815 2143 876 reflutaverunt
2185 814 2482 876 Rolando
2522 814 2567 876 f.
2613 814 2907 875 Rustichi
2949 819 3018 875 et
3051 814 3325 874 Iohanni
3353 814 3398 873 f.
3429 814 3548 875 Bo·

1103 918 1224 978 niti
1266 937 1306 976 a
1348 917 1487 976 vice
1527 913 1768 976 Uselmi
1811 918 1880 974 et
1906 913 2156 974 Alberti
2184 933 2287 993 gg.
2319 912 2363 973 f.
2396 913 2640 974 Uselmi
2667 918 2735 973 et
2768 912 2984 984 Guidi,
3014 911 3278 972 Gerardi
3306 919 3374 973 et
3402 911 3548 973 Ber-

1102 1013 1285 1076 nardi
1328 1033 1411 1094 gg
1451 1011 1497 1073 f.
1542 1011 1853 1073 Bernardi
1897 1003 2252 1072 senioribus
2291 1030 2511 1071 eorum
2553 1012 2952 1071 nominative
2993 1010 3073 1070 de
3128 1016 3301 1070 turre
3342 1015 3409 1070 et
3448 1030 3546 1070 ca·
3621 1062 3626 1067 .

1099 1113 1287 1174 stello
1312 1111 1394 1171 de
1422 1111 1890 1190 Germagnano,
1935 1114 2207 1187 excepto
2234 1108 2454 1169 fodero
2480 1110 2547 1185 ¹);
2584 1109 2637 1168 si
2664 1108 2813 1168 inde
2841 1109 3129 1169 contenti
3163 1127 3293 1168 non
3318 1107 3548 1178 forent,

1102 1227 1248 1288 pen.
1292 1207 1470 1286 dupli
1510 1212 1580 1267 et
1621 1207 1878 1284 insuper
1919 1205 2027 1266 lib.
2074 1204 2123 1265 C
2161 1205 2308 1265 den.
2352 1204 2433 1264 de
2474 1204 2668 1264 Luca.
2726 1203 2852 1264 Pro
2906 1204 3288 1265 investitura
3334 1204 3547 1264 laune-

1099 1306 1272 1367 child
1310 1306 1598 1366 fecerunt·
1632 1301 1976 1364 comitibus
2010 1322 2236 1364 crosna
2261 1321 2412 1363 una.
2493 1323 2523 1362 e
2542 1300 2903 1363 Centesimo
2928 1304 3159 1381 quinto
3186 1307 3332 1381 post
3362 1301 3549 1373 mille,

1102 1407 1291 1466 nonis
1325 1403 1598 1482 aprelis»
1622 1407 1690 1479 ²),
1736 1400 1867 1462 ind.
1912 1401 2069 1461 XII.
2156 1400 2543 1462 Ildebrando
2583 1407 2730 1462 not:
2762 1420 2885 1462 unc
2927 1400 3119 1462 breve
3158 1401 3399 1478 scripsi.

1429 1501 1587 1563 Volt.
1622 1499 1841 1578 ACap.
1873 1519 1933 1559 n.
1967 1499 2048 1560 93
2076 1487 2244 1576 Or'iq.
2327 1499 2446 1560 Ed.
2479 1499 2663 1560 Lami
2692 1499 2828 1560 Del.
2875 1499 3020 1558 XII
3049 1498 3227 1560 1098.
3270 1499 3391 1560 Cit.
3434 1499 3549 1559 Re-

1420 1600 1569 1677 paui
1603 1597 1654 1659 V
1686 1597 1823 1658 680.

1108 1797 1240 1856 140.
2675 1793 3021 1870 Riparotta,
3065 1793 3105 1854 2
3145 1794 3252 1854 M
3225 1813 3327 1853 αντ
3368 1794 3547 1854 1106.

1220 1892 1416 1965 MCV,
1459 1890 1555 1952 VI
1596 1911 1744 1952 non.
1789 1897 2001 1956 mart.
2037 1889 2168 1951 ind.
2201 1889 2431 1951 XIIII.
2518 1889 2688 1970 Ugo
2730 1899 2942 1952 comes
2983 1891 3027 1951 f.
3067 1892 3128 1952 b.
3174 1909 3258 1952 m.
3309 1892 3551 1970 Ugonis

1099 2000 1168 2053 et
1210 1991 1425 2052 Cicilia
1467 1989 1695 2069 iugalis
1736 1988 1782 2049 f.
1826 1981 2098 2049 Arduirii
2140 1989 2536 2066 interrogata
2575 2008 2615 2048 a
2657 1988 2966 2068 Sigitione
3002 1990 3209 2050 iudice
3243 1989 3322 2050 ad
3355 2007 3546 2049 reme-

1101 2089 1281 2149 dium
1325 2087 1535 2148 anime
1562 2093 1779 2145 nostre
1807 2089 1875 2145 et
1914 2089 2261 2161 parentum
2289 2084 2605 2145 donamus
2631 2085 2780 2145 eccl.
2812 2105 2861 2144 s.
2892 2084 3091 2146 Marie
3131 2087 3199 2145 in
3239 2083 3548 2157 Morrone,

1100 2186 1212 2246 ubi
1256 2184 1574 2245 Gerardus
1599 2184 1646 2259 ⁸)
1692 2183 1945 2254 residet,
1990 2183 2234 2262 pet-iam
2279 2189 2445 2242 terre
2487 2183 2552 2243 in
2582 2189 2820 2254 monte,
2851 2182 2963 2244 ubi
2991 2184 3185 2245 modo
3217 2181 3553 2245 edificatur

1101 2283 1403 2344 mosterio
1428 2284 1496 2359 ⁴),
1542 2285 1872 2341 tenentem
1913 2280 1978 2340 in
2021 2281 2129 2339 via
2171 2279 2428 2359 publica
2470 2282 2654 2341 iuxta
2690 2280 2956 2341 fluvium
2986 2280 3265 2354 Caeciae,
3294 2283 3431 2360 rigo
3470 2280 3551 2342 de

1100 2379 1286 2451 valle,
1318 2379 1424 2439 via
1463 2377 1677 2456 pulica
1700 2379 1746 2452 ⁸)
1777 2376 1858 2436 de
1886 2376 1942 2437 le
1970 2375 2161 2448 Cave,
2192 2396 2316 2455 que
2357 2378 2547 2437 solito
2570 2378 2701 2436 iure
2729 2378 2926 2437 currit
2953 2397 2993 2437 a
3021 2378 3240 2456 rigone
3267 2378 3348 2438 de
3389 2378 3553 2439 valle

1100 2478 1185 2538 ad
1228 2478 1401 2537 viam
1437 2477 1622 2535 iuxta
1650 2474 2005 2546 Caecinam,
2035 2475 2099 2534 in
2130 2474 2274 2535 cilio
2304 2476 2562 2546 montis,
2594 2494 2717 2552 que
2745 2475 2874 2534 iam
2901 2474 3026 2535 fuit
3052 2474 3226 2535 fossa
3254 2475 3552 2537 edificata

1099 2576 1195 2655 [a]
1236 2572 1503 2634 Barotio
1545 2574 1750 2633 scario
1790 2571 1871 2631 de
1913 2571 2121 2646 Colle;
2164 2577 2601 2650 exceptamus,
2646 2572 2697 2633 si
2741 2573 2883 2650 quis
2925 2572 3013 2633 ibi
3047 2572 3247 2633 habet
3274 2575 3551 2653 proprie·
3587 2601 3594 2616 ι

1100 2680 1326 2744 tatem,
1359 2677 1424 2731 et
1453 2677 1655 2732 terras
1685 2677 1751 2730 et
1780 2671 2021 2742 vineas,
2055 2690 2216 2748 quas
2244 2669 2679 2731 Aldibrandus
2719 2671 2764 2731 f.
2796 2670 3062 2733 Gerardi
3088 2671 3273 2732 abuit
3300 2692 3339 2732 a
3366 2672 3552 2733 nobis

1099 2790 1211 2851 per
1251 2768 1515 2830 feudum
1546 2769 1612 2828 in
1655 2766 1917 2840 Collina,
1963 2774 2030 2827 et
2073 2769 2524 2846 anteponimus
2565 2767 2622 2827 V
2664 2769 2799 2829 eius
2837 2768 3116 2841 fiafiora;
3160 2788 3306 2847 pen.
3349 2770 3549 2850 dupli.

1099 2869 1245 2929 Act.
1289 2869 1466 2927 intus
1495 2866 1760 2927 castello
1786 2866 1867 2926 de
1896 2865 2213 2945 Riparota
2240 2867 2565 2928 territurio
2607 2865 3022 2928 VoluteranO.
3087 2867 3149 2929 S.
3183 2888 3266 2928 m.
3292 2869 3548 2948 iugales.

1097 2965 1364 3027 Gerardi
1418 2965 1464 3025 f.
1516 2965 1580 3025 b.
1617 2984 1703 3025 m.
1761 2964 2029 3044 UgoniS.
2082 2964 2228 3044 Ugo
2268 2963 2314 3024 f.
2360 2962 2645 3025 Gerardi.
2704 2965 2926 3045 Enrigi
2967 2965 3013 3026 f.
3060 2964 3120 3025 b.
3167 2984 3252 3026 m.
3295 2967 3548 3028 Villani.

1098 3062 1616 3143 Ald[ebrandini]
1665 3062 1710 3122 f.
1757 3061 2058 3122 Bollandi
2102 3068 2182 3123 tt.
2270 3062 2479 3141 Sigizo
2522 3061 2714 3123 iudex
2755 3082 2805 3122 s.
2849 3063 2976 3141 pal.

1426 3159 1584 3221 Volt.
1618 3159 1856 3221 AVesc.
1887 3179 1936 3220 8.
1971 3159 2119 3220 XII
2145 3160 2270 3221 dec.
2303 3160 2340 3220 1
2371 3180 2433 3220 n.
2466 3159 2506 3220 8
2533 3160 2706 3236 Oriy.

1104 3358 1236 3416 141.
2472 3355 2830 3433 (Volterra),
2876 3356 2956 3417 16
2995 3356 3330 3417 November
3368 3357 3549 3418 1106.

1221 3453 1659 3533 Rogierius
1702 3453 1872 3514 Volt.
1919 3473 2017 3532 ep.
2049 3453 2220 3515 dono
2250 3456 2638 3516 monasterio
2665 3474 2716 3514 s.
2749 3454 2913 3515 Iusti
2940 3460 3007 3515 et
3035 3454 3377 3515 Clementis
3403 3474 3548 3517 con·

1098 3554 1416 3614 sentiente
1456 3552 1622 3613 clero
1650 3551 1924 3625 fodrum,
1949 3550 2124 3629 quod
2151 3553 2534 3613 necessitate
2562 3552 2936 3613 imminente
2962 3553 3043 3612 de
3065 3559 3284 3613 monte
3311 3571 3362 3613 s.
3386 3553 3550 3614 Iusti

1100 3656 1166 3710 et
1207 3649 1429 3729 burg0,
1470 3651 1638 3709 sicut
1678 3649 1887 3710 tribus
1927 3650 2050 3709 viis
2090 3649 2361 3727 publicis
2402 3655 2555 3710 sunt
2595 3649 2993 3721 circumdati,
3026 3656 3093 3710 et
3119 3649 3201 3710 de
3228 3650 3353 3711 alio
3381 3652 3548 3729 poi0,

1098 3748 1212 3826 qui
1252 3747 1375 3808 dic.
1407 3747 1491 3807 ad
1520 3746 1830 3825 Antiqua,
1861 3747 2112 3825 exigere
2140 3746 2478 3819 curabam;
2510 3765 2654 3825 pen.
2685 3745 2784 3806 CC
2812 3746 2919 3807 lib.
2950 3748 3086 3807 auri
3131 3749 3294 3825 puri.
3408 3748 3549 3809 Act.

1099 3945 1313 4005 Lochar,
1352 3945 1456 3994 den
1490 3945 1561 3995 D.
1591 3947 1730 3996 1105
1766 3945 1989 3995 Januar
2024 3947 2090 3995 17
2118 3945 2303 3995 καὶαπ
2337 3945 2671 3995 vorkommcn
2710 3946 2860 4005 Ζᾶεει,
2897 3946 3030 3995 noch
3067 3946 3158 3995 ein
3191 3945 3337 3995 Jahr
3369 3945 3552 3996 vor-hor
3590 3990 3599 3999 .

1101 4034 1312 4096 qestmd
1345 4034 1461 4083 und
1495 4034 1645 4097 taliq.
1809 4035 1850 4099 ¹)
1890 4033 1995 4084 Die
2047 4033 2210 4084 Stella
2259 4034 2465 4085 beweiot
2510 4049 2580 4084 m.
2633 4034 2720 4094 A„
2768 4033 2897 4085 dan
2944 4035 3043 4085 dae
3090 4035 3303 4097 fodrum
3337 4063 3408 4071 —
3442 4049 3550 4084 ver-

1103 4122 1300 4184 qleiohe
1337 4122 1475 4172 auch
1509 4137 1563 4172 n.
1607 4124 1707 4173 141
1737 4148 1807 4159 —
1832 4122 1947 4171 eine
1985 4121 2322 4181 ordenatione,
2358 4122 2505 4172 nicht
2540 4122 2683 4173 blou
2722 4122 3065 4186 yeleqenclioh
3107 4123 3198 4173 der
3227 4121 3551 4185 Βὸηιοαᾶοε

1099 4224 1318 4261 amarer
1352 4210 1409 4259 H
1413 4212 1638 4261 urracha-
1688 4210 1934 4261 erhebene
1984 4210 2199 4273 Abqabe
2248 4227 2371 4263 war.
2465 4212 2681 4275 Spuma
2719 4213 2809 4263 du
2856 4212 3244 4272 Lehmweom,
3293 4212 3392 4262 dae
3437 4212 3550 4263 hier

1100 4327 1171 4336 ·-—
1211 4301 1291 4351 im
1332 4299 1507 4350 Gabia
1549 4302 1693 4351 eines
1729 4300 2033 4362 ηιᾶοὴιίροη
2070 4299 2613 4364 Grasenquchlechtes
2649 4330 2720 4338 —
2757 4301 2868 4352 vell
2911 4300 3241 4363 amqobildes
3276 4300 3549 4359 ersom,

1100 4388 1235 4452 trifft
1256 4404 1386 4440 man
1410 4404 1506 4439 um
1529 4390 1615 4439 die
1640 4388 2000 4449 Bischofstadt
2033 4390 2273 4441 Volterra
2303 4391 2537 4440 seltener.
2684 4390 2728 4453 ²)
2765 4390 3097 4441 Hemmeter.
3240 4387 3285 4454 ³)
3308 4389 3551 4453 Erycina

1098 4477 1292 4527 abbas.
1439 4477 1481 4539 ⁴)
1511 4494 1577 4525 :-
1601 4479 2020 4528 monasterium.
2095 4480 2214 4528 Das
2261 4479 2321 4527 M
2323 4483 2413 4530 dn
2439 4480 2578 4530 1089
2603 4493 2721 4528 vom
2746 4477 2946 4539 Gralen
2974 4477 3023 4527 U
3026 4478 3211 4542 quoodo
3237 4476 3553 4541 aeoriindete

1100 4566 1217 4615 und
1262 4567 1361 4616 seit
1408 4568 1546 4617 1109
1582 4566 1685 4617 dm
1742 4567 2239 4616 Vallombrosanern
2276 4568 2517 4631 ρεὴόνίρε
2555 4567 2771 4617 Kloetcr
2810 4566 3072 4617 Morrom
3113 4583 3225 4616 war
3259 4566 3374 4616 also
3416 4565 3553 4615 noch

1100 4654 1245 4704 nicht
1270 4654 1534 4703 vellendas.
1609 4654 1716 4705 Die
1754 4654 2332 4719 Grandunqsurkunde
2368 4656 2497 4705 steht
2533 4657 2616 4707 bei
2653 4656 2944 4707 Miuarelli
2969 4655 3077 4706 III
3104 4654 3250 4719 App.
3279 4656 3347 4706 96
3382 4670 3437 4705 n.
3467 4655 3550 4706 66.

1101 4738 1148 4808 ⁸')
1191 4760 1255 4790 :z
1276 4742 1514 4808 publica.
