4000 5700
1080 535 1523 592 REGESTUM
1562 537 2249 593 VOLATERRANUM
2818 540 2890 594 23

438 733 675 794 minieo
712 752 826 794 seu
866 733 1221 794 Lumissoio
1258 752 1361 813 gg.
1404 733 1452 794 f.
1498 734 1560 795 b.
1607 755 1692 795 m.
1736 734 1911 796 Petri
1951 740 2125 796 sorte
2165 736 2416 816 integra
2473 737 2539 797 in
2587 735 2896 799 Fomaola

438 850 638 910 prope
664 831 818 891 villa
845 830 927 890 de
953 829 1277 903 Corrente,
1308 851 1357 892 r.
1389 852 1430 891 a
1457 833 1742 910 genitore
1771 838 1987 895 vestro
2014 838 2081 893 et
2108 833 2303 895 modo
2329 853 2444 913 per
2472 854 2605 908 vos,
2628 841 2705 896 ut
2732 836 2899 897 infra

434 929 603 990 duos
624 948 827 990 annos
854 931 1174 990 caeninam
1206 929 1432 990 levetis
1459 935 1527 990 et
1554 929 1644 990 ibi
1671 929 2017 991 resedeatis
2044 936 2111 990 et·
2139 929 2305 991 infra
2339 937 2574 1010 agusto
2614 932 2898 994 reddatis

439 1025 524 1087 ad
565 1027 714 1088 0001.
745 1046 794 1087 8.
827 1024 1169 1088 Octabiani
1199 1046 1376 1106 pene.
1408 1046 1539 1106 arg.
1569 1026 1715 1087 den.
1745 1027 2014 1089 duodeci
2040 1028 2101 1089 b.
2132 1047 2278 1107 exp.
2308 1028 2517 1107 qualis
2543 1048 2658 1108 per
2696 1036 2896 1110 temp.

438 1143 523 1197 o.;
549 1143 693 1202 pen.
718 1143 850 1202 arg.
880 1122 994 1184 801.
1018 1121 1241 1183 XXX.
1326 1124 1471 1185 Aet.
1502 1123 1853 1185 Voloterre.
1939 1124 2242 1185 Anselmo
2262 1143 2344 1184 88.
2376 1123 2438 1185 S.
2468 1145 2556 1185 m.
2582 1125 2897 1206 Uualfrigi

438 1241 551 1282 eeu
592 1221 934 1283 Dominico
973 1228 1040 1282 et·
1093 1221 1467 1282 LumissciO.
1552 1221 1955 1283 Rainbaldus
2010 1221 2395 1301 archipresb.
2429 1228 2496 1283 et
2523 1222 2672 1285 kan.
2703 1223 2895 1287 Adel·

440 1339 584 1381 mus
624 1320 1040 1399 primiceriae.
1086 1319 1539 1380 Ermendrieus
1579 1320 1788 1398 presb.
1833 1310 1899 1380 et
1940 1339 2082 1381 ean.
2114 1319 2514 1381 Crescentius
2541 1321 2815 1383 clericus.
2830 1327 2897 1382 et

439 1437 581 1479 can.
623 1417 915 1478 Andreae
955 1417 1164 1496 presb.
1207 1423 1277 1478 et
1303 1436 1446 1478 ean.
1478 1417 1704 1478 Albizo
1732 1416 1930 1478 levita
1959 1423 2027 1478 et
2053 1436 2195 1479 ean.
2227 1437 2309 1478 88.
2341 1418 2404 1480 S.
2436 1437 2521 1478 m.
2563 1418 2898 1481 Adalberti

436 1514 484 1575 f.
516 1515 579 1576 b.
609 1535 695 1576 m.
726 1514 1080 1576 Adalberti.
1110 1515 1364 1578 Adelmi
1392 1514 1439 1575 f.
1472 1515 1534 1576 b.
1567 1534 1652 1574 m.
1683 1514 2046 1576 Ildibrandi
2068 1534 2132 1594 q.
2167 1514 2387 1576 Ilditio
2416 1535 2554 1577 voe.
2587 1522 2668 1577 tt.
2701 1516 2897 1578 Uual-

439 1611 626 1673 berto
666 1618 748 1672 tt.
791 1632 873 1673 88.
916 1612 1261 1673 Tetbertus
1302 1612 1495 1673 iudex
1537 1614 1669 1691 inp.
1714 1632 1796 1673 88.
1919 1613 2152 1698 Peprus
2193 1618 2331 1674 not.

770 1711 929 1771 Volt.
961 1709 1181 1788 ACap.
1225 1729 1289 1771 n.
1333 1710 1412 1771 31
1442 1709 1614 1788 Oriq.

440 1909 537 1968 65.
2231 1905 2523 1979 volta-ra,
2567 1907 2714 1968 Mai
2755 1907 2895 1970 981.

561 2002 722 2066 Otto
762 2005 893 2081 inp.
939 2000 1167 2064 ottoni
1209 2004 1340 2080 inp.
1386 2002 1448 2063 Β.
1481 2021 1566 2062 m.
1599 2003 1644 2062 f.
1675 2022 1734 2062 8.
1765 2003 2270 2081 quartodecimO,
2315 2004 2512 2077 mad„
2543 2005 2674 2065 ind.
2706 2024 2896 2066 nona.

440 2102 737 2163 Petrus
778 2120 880 2180 ep.
912 2101 1021 2162 lib.
1052 2100 1275 2161 ordine
1303 2100 1491 2160 firmo
1515 2099 1813 2161 Andreae
1853 2100 1900 2161 f.
1932 2100 1995 2161 b.
2027 2121 2113 2163 m
2145 2101 2533 2163 Ghisalberti
2576 2122 2790 2164 oasam
2832 2109 2899 2164 et

439 2205 677 2259 sortem
722 2198 788 2257 in
831 2197 1284 2277 Baeangnan0‚
1329 2196 1524 2258 modo
1563 2217 1613 2258 r.
1656 2216 1771 2276 per
1810 2199 2005 2259 Petro
2047 2205 2115 2260 et
2156 2200 2286 2260 suis
2327 2218 2426 2278 gg.
2458 2219 2670 2272 mass„
2706 2201 2897 2280 perti-

441 2303 666 2357 nentes
707 2295 789 2355 dv.
843 2296 993 2357 ecel.
1052 2315 1102 2356 8.
1149 2296 1333 2367 Iusti,
1395 2314 1521 2374 que
1576 2301 1674 2355 ost
1728 2295 1850 2356 sub
1905 2297 2041 2355 iure
2096 2317 2196 2375 ep.
2253 2296 2491 2369 Volot„
2550 2316 2666 2376 pro
2718 2317 2897 2377 pens.

441 2413 657 2454 annua
695 2393 1004 2455 solvenda
1045 2395 1113 2453 in
1150 2392 1298 2454 fest.
1341 2413 1391 2453 8.
1437 2393 1636 2454 Mario
1684 2393 1747 2452 in
1788 2412 1934 2471 aug.
1978 2393 2063 2454 ad
2106 2399 2353 2455 curtem
2400 2414 2501 2472 ep.
2546 2401 2613 2456 et
2653 2396 2802 2456 0001.
2845 2414 2897 2459 8.

442 2492 703 2570 Mangni
744 2492 1064 2552 arientum
1105 2490 1253 2551 den.
1298 2497 1446 2551 octo
1488 2490 1551 2551 b.
1596 2509 1740 2569 exp.
1771 2491 1979 2570 qualis
2021 2510 2136 2569 per
2177 2500 2353 2571 tenp.
2399 2511 2485 2566 ο.;
2519 2511 2664 2571 pen.
2694 2493 2896 2554 arien-

440 2590 589 2649 telis
629 2589 744 2650 801.
789 2589 1076 2668 triginta.
1160 2587 1306 2648 Act.
1351 2587 1563 2649 Volot.
1648 2587 1879 2651 Petrus
1908 2608 2010 2667 ep.
2041 2609 2122 2649 88.
2155 2588 2217 2650 S.
2249 2609 2335 2649 m.
2365 2589 2639 2651 Andree.
2668 2589 2899 2652 Petrus

439 2706 521 2746 88.
554 2686 617 2748 S.
663 2707 748 2747 m.
778 2686 1082 2748 Uuillemi
1109 2687 1153 2762 ¹)
1180 2685 1228 2746 f.
1274 2685 1336 2746 Β.
1368 2705 1454 2747 m.
1486 2686 1641 2747 item
1670 2685 2017 2747 Uuillelmi.
2047 2687 2258 2748 Teutii
2299 2687 2347 2748 f.
2394 2688 2456 2749 b.
2502 2707 2588 2748 m.
2633 2687 2896 2749 Fulche·

439 2786 576 2846 roni
619 2790 701 2845 tt.
785 2783 1129 2845 Tetbertus
1170 2789 1306 2845 not.
1351 2789 1419 2844 et
1459 2784 1652 2844 iudex
1695 2785 1849 2863 imp.
1894 2785 2189 2864 scriptor.

771 2882 928 2945 Volt.
972 2882 1285 2944 Andania.
1318 2882 1574 2958 (Radia)
1616 2882 1788 2961 Oriq.

439 3080 539 3140 66
2004 3078 2298 3151 Volterra,
2342 3078 2424 3140 16
2464 3079 2713 3157 Auqust
2754 3079 2893 3142 982.

561 3174 722 3238 Otto
762 3177 892 3255 inp.
939 3174 1167 3237 Ottoni
1210 3176 1340 3255 inp.
1387 3176 1449 3237 b.
1496 3196 1581 3236 m.
1610 3176 1658 3237 f.
1703 3196 1761 3237 8.
1801 3176 1946 3249 XV,
1991 3175 2191 3237 XVII
2231 3175 2359 3236 kal.
2404 3182 2578 3248 setta„
2622 3177 2753 3238 ind.
2811 3176 2897 3237 X.

440 3275 735 3335 Petrus
776 3274 989 3335 Volot.
1033 3293 1133 3352 ep.
1178 3274 1287 3334 liv.
1330 3293 1503 3335 nom.
1560 3275 1645 3335 do
1699 3273 1895 3335 Petro
1946 3273 1993 3334 f.
2042 3273 2103 3334 Β.
2149 3293 2235 3334 m.
2282 3273 2583 3335 Romaldi
2626 3281 2692 3334 et
2734 3274 2901 3336 Urso

438 3371 485 3432 f.
531 3371 593 3432 b.
637 3391 723 3432 m.
766 3371 897 3433 Leo
937 3373 1188 3432 cassina
1228 3390 1337 3433 seo
1377 3373 1630 3452 integra.
1656 3373 1833 3450 petia
1863 3373 1927 3431 in
1957 3371 2097 3433 loco
2125 3371 2212 3432 ad
2239 3372 2361 3432 Aia
2394 3390 2513 3450 pro
2540 3391 2689 3433 ann.
2718 3392 2895 3452 pens.

440 3471 507 3530 in
544 3469 691 3530 fest.
735 3489 785 3530 8.
831 3469 1028 3530 Mario
1070 3470 1136 3529 in
1178 3475 1408 3547 agusto
1449 3471 1811 3548 erigentum
1855 3469 2003 3530 den.
2047 3476 2196 3530 octo
2238 3469 2300 3530 b.
2347 3488 2493 3548 exp.
2538 3470 2747 3549 qualis
2789 3490 2901 3549 per

442 3574 637 3646 temp.
668 3586 751 3638 o.‚
793 3567 925 3627 duo
966 3568 1105 3627 viee
1146 3567 1214 3627 in
1255 3586 1428 3627 anno
1468 3566 1555 3627 ad
1594 3568 1909 3632 iustitiam
1935 3566 2301 3628 faciendam
2333 3569 2551 3628 venire
2577 3567 2896 3641 debeatis;

440 3684 585 3743 pen.
627 3684 762 3744 arg.
805 3665 918 3725 801.
964 3663 1186 3726 XXX.
1270 3664 1786 3728 Aet.Voloterre.
1871 3664 2104 3726 Petrus
2146 3683 2246 3743 ep.
2277 3685 2358 3725 88.
2391 3665 2454 3727 S.
2486 3684 2573 3726 m.
2615 3665 2792 3727 Petri
2834 3671 2902 3726 et

441 3762 610 3823 Ursi.
693 3761 1043 3824 Lamberto
1082 3768 1163 3824 tt.
1207 3783 1290 3824 88.
1327 3761 1670 3824 Tetbertus
1698 3762 1891 3824 iudex
1919 3764 2052 3841 inp.
2084 3782 2166 3823 88.
2197 3762 2427 3825 Petrus
2456 3769 2537 3824 tt.
2569 3783 2652 3824 88.
2736 3762 2899 3825 Ghe-

440 3860 664 3921 tardus
705 3867 842 3921 not.
888 3862 1019 3939 inp.

772 3957 930 4020 Volt.
974 3958 1215 4022 AVeec.
1257 3978 1308 4019 8.
1351 3957 1419 4020 X
1458 3958 1583 4020 dec.
1619 3960 1655 4020 7
1694 3978 1757 4018 n.
1789 3957 1827 4017 1
1870 3958 2043 4036 Oriq.

441 4153 541 4213 67.
2004 4150 2302 4224 Vellera»,
2345 4150 2428 4211 15
2468 4150 2718 4227 Anquet
2757 4150 2895 4211 983.

565 4248 725 4311 Otto
766 4251 897 4329 inp.
943 4249 1172 4312 Ottoni
1214 4252 1346 4329 inp.
1392 4250 1455 4311 b.
1500 4269 1584 4311 m.
1614 4250 1659 4311 f.
1689 4269 1748 4310 8.
1778 4248 1962 4321 XVI,
1992 4248 2228 4310 XVIII
2253 4248 2381 4308 kal.
2413 4254 2585 4320 sett„
2617 4247 2747 4308 ind.
2776 4247 2899 4309 XI.

443 4347 825 4409 Anselmo
864 4348 1205 4409 archidiae.
1236 4355 1303 4409 et
1328 4348 1692 4426 pre-positus
1719 4368 1769 4408 8.
1801 4345 2141 4409 Ottabiani
2172 4347 2341 4407 iusta
2367 4346 2598 4406 domus
2624 4366 2674 4406 8.
2703 4346 2904 4407 Mario

444 4446 766 4524 episcopio
806 4445 1017 4507 Volot.
1047 4464 1161 4524 per
1194 4465 1576 4507 eonsensum
1619 4445 2026 4506 sacerdotum
2068 4463 2210 4506 can.
2253 4443 2497 4504 fratum
2541 4462 2828 4504 meorum
2859 4447 2901 4520 ¹)

443 4562 554 4605 800
579 4543 773 4604 levite
813 4549 880 4604 et
919 4544 1164 4605 ciratici
1206 4543 1288 4604 ad
1331 4562 1593 4604 censum
1634 4543 1720 4604 do
1747 4549 1946 4622 atque
1986 4543 2174 4604 firmo
2214 4542 2579 4603 Martino
2619 4541 2666 4602 f.
2713 4542 2775 4603 b.
2815 4561 2899 4602 m.

598 4747 639 4813 ¹)
674 4749 765 4800 so.
