4000 5700
1071 528 1518 585 REGESTUM
1557 529 2246 584 VOLATERRANUM
2819 529 2887 581 21

425 727 663 788 selinus
697 725 898 788 levita
938 732 1006 787 et
1031 726 1183 787 ken.
1214 726 1505 788 Andreas
1535 724 1743 805 presb.
1774 733 1840 785 et
1869 746 2009 787 can.
2046 726 2364 786 Iohannes
2394 725 2601 804 presb.
2634 732 2700 786 et
2735 725 2883 787 kan.

354 844 363 852 ·
427 823 880 884 Ermendricus
920 822 1129 903 presb.
1174 830 1241 884 et
1283 843 1422 884 can.
1469 822 1871 884 Rainboldus
1913 822 2122 902 presb.
2174 830 2237 884 et
2296 823 2443 883 kan.
2490 823 2636 884 Allo
2677 822 2884 902 presb.

424 926 495 981 et
535 940 677 982 can.
720 921 1044 1001 Teuperto
1084 918 1292 1000 presb.
1337 927 1403 981 et
1445 940 1585 982 can.
1630 919 1857 981 Albizo
1898 921 2098 981 levita
2140 926 2206 981 et
2249 940 2389 981 can.
2436 920 2719 981 Rodulfo
2767 920 2886 982 cle-

426 1020 595 1079 ricus
634 1026 704 1081 et
729 1039 869 1080 can.
902 1017 1222 1081 Sialberto
1258 1024 1341 1080 tt.
1370 1017 1757 1080 Lambertus
1799 1038 1881 1079 ss.
1929 1018 2160 1080 Petrus
2200 1019 2396 1080 iudex
2436 1021 2568 1098 inp.
2601 1039 2682 1081 ss.
2711 1018 2772 1082 S.
2798 1039 2883 1080 m.

427 1115 687 1178 Rodulfi
728 1116 775 1177 f.
821 1116 883 1178 b.
928 1137 1010 1177 m.
1056 1118 1210 1178 item
1242 1117 1503 1178 Rodulfi
1532 1123 1611 1177 tt.
1697 1115 2063 1179 Gherardus
2105 1123 2238 1177 not.
2285 1118 2416 1195 inp.

757 1215 916 1277 Volt.
947 1215 1170 1293 ACap.
1202 1234 1263 1275 n.
1295 1216 1377 1276 28
1404 1214 1576 1292 Oriq.
1609 1214 1694 1275 In
1721 1214 1900 1276 dorso
1926 1234 1975 1275 8.
2008 1213 2118 1274 XI
2160 1214 2279 1276 hoc
2308 1216 2618 1294 scriptum
2647 1215 2884 1276 refuta-

748 1318 983 1373 vemnt
1024 1311 1402 1390 longobardi
1428 1312 1510 1372 de
1546 1311 1723 1383 Nira,
1768 1311 1938 1372 unde
1981 1317 2077 1372 est
2120 1312 2278 1373 illud
2319 1310 2511 1372 breve
2551 1314 2883 1391 scriptum,

749 1409 926 1490 quod
952 1430 1096 1471 cum
1140 1429 1217 1471 eo
1244 1410 1614 1472 continetur
1641 1411 1868 1486 (weiter
1908 1409 2132 1471 andere
2171 1409 2368 1471 Hand
2406 1430 2457 1470 8.
2501 1409 2633 1486 XI)
2677 1411 2775 1472 vel
2818 1412 2884 1471 in

744 1515 970 1569 nostro
1012 1508 1261 1569 archari
1304 1507 1599 1570 habetur.

418 1740 524 1799 61.
1987 1739 2411 1811 Volterra,15
2450 1740 2701 1818 Anqust
2741 1741 2879 1802 979.

543 1838 752 1903 Otto
734 1857 862 1916 inp.
907 1837 1134 1899 Ottoni
1180 1839 1312 1916 inp.
1357 1835 1420 1898 b.
1454 1857 1536 1898 m.
1568 1837 1614 1898 f.
1653 1857 1711 1898 a.
1744 1837 1902 1911 XII,
1935 1836 2169 1898 XVIII
2198 1837 2324 1898 kal.
2357 1845 2528 1909 sett„
2567 1839 2698 1900 ind.
2729 1838 2879 1901 VII.

416 1936 707 1998 Gundo
746 1936 909 1996 diac.
953 1935 1000 1996 f.
1046 1935 1108 1995 b.
1156 1955 1239 1996 m.
1286 1935 1613 1997 Ildiharde
1656 1936 1854 1997 vindo
1894 1936 2201 1997 Anselmo
2240 1935 2404 1997 diac.
2442 1943 2508 1997 et
2553 1937 2882 1999 Grimaldo

416 2050 533 2093 seu
575 2031 918 2093 Uuillelmo
959 2050 1063 2111 gg.
1107 2031 1154 2092 f.
1201 2031 1261 2091 b.
1308 2050 1392 2091 81.
1425 2030 1793 2093 Cunicunde
1835 2051 1961 2110 que
2003 2031 2258 2093 Cunitia
2289 2052 2427 2093 voc.
2458 2052 2678 2094 omnes
2707 2052 2881 2094 meas

418 2130 818 2189 massaritias
872 2129 1041 2190 infra
1093 2130 1439 2189 comitatae
1487 2136 1554 2190 et
1609 2130 1971 2190 territurias
2026 2129 2238 2190 Volot.
2283 2131 2349 2190 in
2397 2129 2715 2203 Casscina,
2760 2130 2880 2192 Ge·

419 2228 729 2301 miniano,
783 2227 1043 2299 081Ιὶ88,
1095 2226 1454 2307 Cei-ignauo
1506 2227 1718 2306 adque
1778 2229 1955 2288 intus
2019 2229 2352 2289 civitatem
2416 2229 2652 2303 Volot·.‚
2709 2229 2881 2292 unde

417 2327 627 2404 recepi
669 2345 800 2405 arg.
832 2326 945 2387 sol.
977 2326 1232 2386 tricenti
1264 2326 1331 2384 in
1359 2324 1689 2403 prefinit03
1722 2344 1865 2403 pen.
1889 2324 2090 2404 dupli.
2175 2325 2318 2385 Act.
2350 2325 2562 2387 Volot.
2648 2326 2881 2387 Gundo

417 2422 586 2483 diac.
611 2442 693 2483 88.
724 2422 787 2485 S.
821 2443 905 2482 111.
932 2422 1203 2482 Iohanni
1234 2422 1280 2482 f.
1306 2422 1369 2482 b.
1403 2441 1486 2481 m.
1517 2421 1853 2483 Cuneradi.
1885 2421 2171 2482 Liutolfo
2197 2441 2278 2482 88.
2311 2422 2374 2483 S.
2408 2442 2490 2482 m.
2528 2422 2880 2483 Ildibrandi

415 2522 467 2583 f.
501 2522 564 2582 b.
597 2542 682 2582 m.
714 2521 1047 2582 Adalberti
1092 2541 1154 2599 q.
1187 2521 1395 2582 Atitio
1423 2540 1562 2582 voc.
1594 2520 1769 2581 Petri
1809 2520 1854 2580 f.
1889 2521 1951 2581 b.
1985 2541 2069 2580 m.
2101 2519 2396 2582 Uauberti
2425 2527 2504 2581 tt..
2537 2521 2766 2582 Pet-rus
2795 2527 2876 2581 tt..

418 2618 796 2680 Uuillerado
836 2625 918 2678 tt.
962 2638 1044 2678 ss.
1091 2618 1320 2679 Petrus
1361 2618 1553 2679 iudex
1595 2618 1727 2697 inp.
1772 2638 1853 2678 ss.
1899 2617 2288 2678 Adalbertus
2331 2624 2464 2679 not.
2496 2620 2651 2698 imp.
2682 2624 2763 2679 tt.
2794 2638 2877 2680 88.

416 2714 787 2777 Gherardus
830 2723 964 2776 not.
1012 2717 1142 2794 inp.

749 2814 908 2877 Volt.
954 2812 1173 2892 AC'ap.
1218 2832 1280 2874 n.
1317 2813 1399 2875 27
1426 2811 1597 2891 Orio.

414 3046 516 3106 62.
2080 3044 2375 3117 Volterra,
2418 3046 2695 3108 Februar
2736 3047 2875 3109 980.

538 3143 700 3205 Otto
742 3144 872 3222 inp.
903 3163 962 3203 a.
994 3141 1188 3213 XIII,
1218 3142 1368 3216 feb,
1402 3143 1533 3204 ind.
1564 3142 1750 3203 VIII.
1835 3141 2122 3203 Gundo
2163 3143 2502 3203 archidiac.
2550 3145 2877 3223 prepositu

416 3260 468 3302 8.
528 3238 927 3302 Obtabbiani
982 3241 1154 3301 iusta
1201 3240 1431 3301 domus
1485 3242 1893 3320 episcopatus
1949 3260 1999 3300 8.
2055 3240 2254 3300 Mario
2309 3240 2519 3300 Volot.
2562 3260 2675 3320 per
2729 3261 2877 3302 con·
2916 3231 2922 3236 ’

418 3358 677 3399 8888818
719 3337 1124 3398 sacerdotum
1174 3358 1315 3398 888.
1346 3338 1662 3399 iratorum
1692 3340 1736 3416 ¹)
1788 3358 2074 3398 meorum
2106 3335 2241 3398 lib.
2275 3339 2407 3398 iure
2435 3339 2621 3398 firmo
2657 3340 2878 3400 Roitio

415 3441 481 3496 et
515 3435 709 3497 Petro
735 3456 838 3516 gg.
868 3435 915 3496 f.
947 3436 1187 3507 Manui,
1218 3437 1504 3516 genitore
1533 3437 1992 3507 consentiente,
2024 3436 2154 3496 duo
2183 3442 2405 3508 sortes,
2437 3437 2501 3495 in
2532 3436 2873 3515 UlignanO,

417 3533 547 3593 iam
591 3551 639 3591 r.
682 3551 797 3611 per
839 3531 946 3612 qd.
993 3532 1265 3593 Iohanni
1304 3552 1515 3604 mass,
1545 3539 1613 3592 et
1652 3534 1720 3592 in
1747 3531 2131 3612 CusignanO,
2178 3534 2304 3593 iam
2348 3552 2396 3592 r.
2440 3552 2556 3612 per
2595 3531 2703 3612 qd.
2741 3534 2875 3594 Fri-

413 3629 571 3690 dulo
606 3648 818 3702 mass„
848 3630 1104 3691 insimul
1133 3649 1280 3690 cum
1310 3629 1517 3690 tribus
1546 3631 1735 3708 petiis
1763 3629 1844 3690 de
1874 3635 2043 3690 terra
2071 3630 2156 3691 ad
2184 3649 2398 3691 888881
2437 3631 2502 3690 in
2532 3630 2874 3712 Ulignan0‚

418 3727 808 3800 tenentibus,
851 3726 1160 3788 laboratis
1202 3747 1314 3806 per
1354 3727 1464 3807 qd.
1509 3726 1872 3798 ArdibertQ
1915 3735 1976 3789 81
2033 3727 2158 3788 alia
2217 3730 2391 3807 petia
2445 3730 2510 3788 in
2555 3728 2877 3808 Ulignano

414 3844 543 3904 que
596 3825 876 3886 detinuit
917 3824 1278 3897 UuillelmO,
1323 3833 1399 3887 ut
1440 3825 1707 3887 solvatis
1750 3826 1815 3886 in
1870 3825 2016 3886 fest.
2061 3846 2110 3885 s.
2168 3827 2368 3887 Mai-ie
2424 3826 2589 3887 infra
2644 3833 2875 3906 agusto

413 3922 503 3983 ad
527 3924 836 3984 canonica
856 3942 1032 4002 pens.
1064 3924 1384 3984 arientum
1411 3922 1558 3984 den.
1585 3921 1880 3984 XXXVI
1904 3922 1965 3982 b.
1991 3943 2169 4002 exsp.
2202 3923 2408 4002 qualis
2430 3943 2543 4002 per
2565 3931 2765 4003 temp.
2791 3943 2873 3988 o.:

414 4040 559 4099 pen.
591 4022 910 4082 arientum
946 4022 1059 4082 sol.
1091 4024 1452 4082 sexxainta.
1540 4021 1684 4082 Act.
1717 4021 2065 4082 Voloterre.
2151 4020 2384 4082 Gundo
2426 4041 2506 4081 ss.
2554 4021 2616 4080 S.
2664 4041 2747 4080 m.
2792 4021 2874 4081 de

411 4119 604 4179 dictis
631 4138 735 4199 gg.
766 4119 1007 4190 Manui,
1052 4120 1164 4198 qui
1193 4117 1336 4180 filiis
1377 4120 1687 4180 consensi.
1733 4119 2137 4180 Rainbaldus
2178 4118 2566 4197 archipresb.
2610 4124 2674 4179 et
2721 4118 2871 4178 kan.

412 4217 751 4280 Anselmus
793 4218 994 4279 levita
1035 4223 1104 4278 et
1143 4237 1285 4279 can.
1329 4218 1474 4279 Allo
1516 4216 1724 4297 presb.
1769 4224 1833 4278 81.
1878 4238 2020 4278 can.
2070 4216 2518 4278 Ermendricus
2563 4215 2773 4295 presb.
2808 4223 2874 4277 et

410 4334 554 4375 888.
598 4314 968 4376 Uuillerado
1008 4320 1090 4375 tt.
1133 4335 1216 4376 88.
1261 4314 1324 4376 S.
1361 4334 1446 4375 m.
1491 4314 1789 4375 Uuiberti
1819 4314 1864 4374 f.
1894 4313 2213 4375 Cuneradi
2242 4321 2322 4375 tt.
2356 4313 2525 4375 Oddi
2560 4313 2605 4374 f.
2653 4332 2871 4392 supra·

411 4413 634 4492 scripti
676 4412 975 4474 Uuiberti
1004 4419 1084 4472 tt..
1168 4411 1558 4472 Adalbertus
1600 4418 1735 4472 not.

741 4510 901 4572 Volt.
950 4510 1168 4589 ACap.
1203 4531 1263 4570 n.
1296 4510 1378 4572 30
1412 4510 1586 4588 Oriq.

560 4744 599 4805 ¹)
635 4742 726 4796 So.
