4000 5700
1084 478 1531 534 REGESTUM
1566 478 2252 534 VOLATERRANUM
2823 480 2890 532 81

437 674 655 736 bertus
694 675 1079 754 prepositus.
1126 673 1447 762 Plebanus
1489 675 1569 735 de
1611 674 1865 736 Cellule.
1911 659 2094 736 Prior
2156 674 2236 735 de
2277 673 2530 735 Strada.
2579 653 2770 736 Prior
2810 674 2891 736 de
2957 763 2963 769 .

438 772 787 834 Guinzano.
811 771 1029 833 Presb.
1062 770 1382 833 Iohannes
1409 771 1489 832 de
1518 791 1566 832 s.
1598 771 1835 833 Pietro.
1859 771 2078 834 Presb.
2112 773 2283 834 Fede
2311 773 2392 835 de
2420 793 2468 834 s.
2507 773 2768 835 Andrea
2812 782 2890 835 tt.

436 870 627 950 Niger
672 870 943 949 Henrigi
984 871 1138 948 imp.
1183 876 1317 930 not.

759 986 913 1048 Volt.
960 986 1199 1048 AVesc.
1239 1005 1289 1046 «ς.
1334 985 1483 1045 XII
1524 986 1644 1047 dec.
1686 986 1771 1048 10
1810 1007 1870 1048 η.
1916 987 1957 1049 2
1998 985 2167 1064 Oriq..

429 1207 569 1268 236.
1959 1207 2253 1281 Voltcrra,
2297 1208 2378 1269 27
2419 1207 2672 1270 Oktober
2711 1211 2888 1272 1193.

552 1304 889 1368 Seracinus
910 1309 978 1364 et
998 1302 1392 1364 Gualtardus
1420 1303 1654 1365 fratres
1683 1304 1728 1365 f.
1759 1304 2059 1367 Seracini
2072 1305 2502 1384 promiserunt
2531 1308 2783 1368 Henri
2800 1328 2834 1369 c
2851 1328 2891 1370 o

430 1404 646 1464 Vult.
688 1403 1109 1482 potestati
1151 1400 1493 1463 defendere
1531 1404 1867 1464 civitatem
1909 1405 1979 1464 et
2008 1404 2145 1464 eius
2172 1404 2444 1465 inimicis
2471 1424 2768 1484 guerram
2795 1406 2887 1467 fa-

428 1522 592 1577 cere,
619 1502 905 1581 exceptis
930 1499 1301 1561 hominibus
1329 1499 1411 1560 de
1438 1501 1707 1575 Miemo;
1765 1506 2027 1564 taurum
2057 1502 2157 1563 vel
2188 1501 2553 1564 fortitiam
2535 1523 2602 1564 in
2628 1505 2891 1567 castello

428 1600 646 1662 Miemi
677 1618 805 1660 non
835 1598 1094 1672 facient,
1139 1598 1341 1658 donec
1382 1599 1614 1660 civitas
1643 1619 1868 1678 pacem
1894 1599 2138 1661 habeat
2165 1619 2313 1660 cum
2340 1601 2612 1662 inimicis
2629 1621 2646 1674 ;
2707 1602 2888 1663 habi·

429 1697 670 1760 tabunt
710 1697 887 1757 Vult..
933 1702 1133 1776 temp.
1177 1697 1354 1775 pacis
1396 1694 1501 1756 III
1543 1715 1811 1770 mensae,
1856 1703 2055 1775 temp.
2099 1716 2323 1777 guerre
2353 1696 2528 1771 1111;
2577 1699 2630 1760 si
2657 1700 2890 1761 civitas

428 1814 656 1874 pacem
698 1793 941 1856 faceret
981 1812 1128 1854 cum
1171 1812 1391 1854 eorum
1432 1793 1854 1867 consortibus,
1885 1779 2129 1855 facient
2157 1795 2407 1856 civitati
2436 1793 2518 1855 de
2542 1797 2675 1856 suis
2704 1799 2889 1858 terris

428 1899 497 1954 et
523 1891 912 1965 hominibus,
943 1891 1252 1971 quicquid
1280 1896 1602 1952 consortes
1631 1891 1901 1952 fecerint
1929 1892 2013 1953 de
2039 1892 2204 1965 suis;
2273 1891 2514 1953 facient
2541 1894 2749 1955 iurare
2775 1894 2885 1955 ho-

428 1992 635 2051 mines
663 2008 883 2050 eorum
912 1988 1162 2050 salvare
1190 1988 1367 2049 Vult.
1453 1988 1769 2050 Henricus
1796 1991 2089 2069 promisit
2119 2009 2186 2050 se
2213 1989 2518 2051 daturum
2548 1992 2640 2052 eis
2667 1990 2888 2053 OCLX

423 2089 559 2160 lib„
602 2087 683 2147 de
724 2086 959 2167 quibus
998 2087 1156 2148 dent
1199 2088 1264 2147 in
1307 2086 1604 2148 domibus
1644 2088 1822 2165 apud
1862 2087 2041 2148 Vult.
2077 2088 2198 2161 OC,
2228 2086 2308 2149 de
2334 2088 2476 2149 aliis
2516 2097 2888 2169 competent

423 2205 608 2248 arma
649 2192 716 2246 et
757 2204 955 2264 equos
973 2208 989 2259 ;
1071 2184 1356 2262 dampna
1397 2204 1511 2262 per
1550 2185 1727 2248 Vult.
1771 2184 1949 2246 facta
1977 2185 2382 2257 emendabit;
2450 2187 2503 2246 si
2532 2186 2622 2247 eis
2649 2187 2887 2247 inimici

427 2284 718 2344 civitatis
759 2282 1113 2362 dampnum
1142 2282 1450 2357 facerent,
1479 2301 1610 2343 non
1637 2281 1877 2343 debent
1902 2282 2112 2344 facere
2139 2302 2363 2362 pacem
2393 2283 2493 2343 vel
2524 2290 2884 2364 treuguam,

426 2383 629 2442 donec
673 2381 757 2442 sit
798 2378 1248 2452 emendatum;
1331 2380 1385 2440 si
1426 2380 1657 2441 civitas
1697 2399 1922 2459 pacem
1962 2379 2203 2441 faceret
2259 2401 2405 2441 cum
2460 2400 2681 2443 eorum
2738 2401 2883 2443 con·

426 2478 710 2541 sortibus
751 2484 820 2540 et
860 2478 1046 2568 daret
1087 2479 1177 2537 eis
1218 2479 1393 2540 avire
1436 2477 1536 2539 vel
1576 2478 1939 2557 pecuniam,
1980 2476 2236 2540 dabunt
2275 2480 2568 2541 similiter
2603 2481 2761 2551 istis,
2792 2500 2884 2541 se-

425 2576 713 2638 eundum
756 2576 930 2656 quod
972 2581 1190 2655 partes
1230 2577 1400 2635 inter
1439 2595 1505 2637 se
1534 2576 1859 2638 dividunt.
1944 2575 2176 2638 Saldus
2202 2576 2597 2639 Merciadieri
2622 2584 2691 2639 et
2718 2578 2886 2639 Deo-

421 2677 621 2737 taiuti
675 2677 754 2737 de
796 2674 1067 2746 Aiatico,
1127 2675 1564 2754 unusquisque
1622 2693 1738 2755 pro
1791 2673 1891 2736 OC
1933 2673 2068 2747 lib.,
2110 2674 2381 2737 Michael
2423 2674 2884 2738 Abbandonati

420 2792 541 2853 pro
580 2773 629 2834 C
670 2771 802 2844 lib„
842 2770 1159 2850 Ugolinus
1201 2772 1281 2832 de
1321 2770 1635 2856 Micciano
1676 2776 1744 2832 et
1784 2769 1997 2831 Guido
2040 2773 2176 2832 eius
2203 2771 2248 2832 f.
2281 2791 2398 2852 pro
2424 2773 2573 2834 CCC
2603 2773 2710 2834 lib.
2740 2793 2883 2855 pro-

420 2873 737 2934 miserunt
778 2870 1076 2942 Henrico,
1119 2868 1296 2949 quod
1336 2868 1589 2930 dabunt
1633 2869 1844 2931 DCCC
1885 2868 1994 2930 lib.
2034 2869 2237 2944 Vult„
2266 2872 2318 2931 si
2361 2872 2468 2932 isti
2497 2874 2712 2934 omnia
2753 2893 2884 2934 non

419 2969 923 3030 observaverint.
1006 2968 1152 3028 Act.
1197 2969 1264 3027 in
1306 2966 1456 3028 eccl.
1501 2968 1728 3028 maiori
1764 2986 1815 3028 s.
1859 2967 2062 3028 Mario
2140 2974 2221 3029 tt.
2266 2968 2511 3029 Parisio
2538 2969 2619 3030 de
2646 2968 2878 3032 Lucca.

420 3067 880 3128 Bonafidantia
908 3067 1117 3143 Iosep.
1149 3064 1513 3145 Turingello
1540 3069 1608 3125 et
1635 3064 1939 3126 Rainerio
1968 3065 2362 3127 Dirindonis.
2394 3066 2691 3128 Rolando
2713 3066 2879 3129 Sori-

417 3164 605 3227 delle.
621 3163 1070 3226 Bonricovero.
1088 3162 1488 3224 BaldinottO.
1511 3148 1871 3231 Deotisalvi
1891 3169 1958 3224 et
1975 3163 2347 3225 consiliariis
2370 3163 2634 3227 UbertO.
2659 3165 2879 3243 Ta(n)-

417 3262 630 3324 credo,
660 3261 944 3324 Stefano.
1029 3259 1600 3333 MCLXXXXIIL
1633 3260 1724 3322 VI
1753 3261 1878 3322 kal.
1914 3280 2087 3335 nov„
2119 3261 2250 3323 ind.
2282 3262 2383 3323 XI
2412 3266 2478 3338 ¹).
2561 3263 2883 3325 Iohannes

419 3359 608 3421 Fred.
654 3361 808 3438 imp.
854 3359 991 3420 ord.
1037 3356 1229 3419 iudex
1270 3363 1339 3418 et
1381 3363 1518 3418 not.

739 3473 998 3534 morem
1042 3472 1191 3533 Ast.
1240 3472 1424 3548 (volt.
1468 3492 1529 3533 n.
1573 3471 1679 3549 36)
1722 3472 1893 3550 Θήρ.

417 3698 563 3760 237.
1984 3694 2278 3767 volterra,
2322 3695 2363 3756 2
2401 3695 2659 3756 Januar
2697 3697 2874 3758 1194.

541 3793 816 3855 Pactum
857 3793 1025 3852 inter
1080 3790 1449 3871 Henrigu
1470 3811 1535 3851 m
1591 3792 1820 3874 Vult.
1878 3797 2392 3872 potestatem
2440 3812 2557 3873 pro
2611 3795 2879 3855 civitate

420 3892 597 3953 Vult.
624 3897 689 3952 et
712 3889 1204 3952 Gualandellum
1225 3890 1598 3968 Miranguisi
1615 3895 1682 3951 et
1705 3890 2066 3951 Guidonem
2087 3890 2368 3951 Seracini
2384 3909 2498 3970 pro
2516 3891 2639 3952 illis
2652 3890 2734 3953 de
2751 3893 2876 3953 Bu·

416 3991 622 4063 riano,
644 3988 820 4067 quod
838 3986 1081 4048 facient
1094 4005 1318 4065 pacem
1336 3993 1404 4046 et
1416 4005 1731 4065 guerram,
1748 3984 2264 4065 quibuscumque
2280 3987 2578 4048 dominus
2592 3988 2878 4049 civitatis

416 4085 593 4148 Vult.
627 4084 921 4156 voluerit,
952 4086 1236 4163 exceptis
1268 4084 1534 4155 Pisanis,
1576 4085 1701 4144 nisi
1726 4089 1952 4144 contra
1981 4083 2159 4144 Vult.
2190 4085 2520 4145 civitatem
2560 4086 2875 4157 venirent,

416 4202 549 4263 quo
589 4202 743 4243 casu
783 4181 1200 4243 Vulterranos
1229 4181 1397 4243 <de
1422 4179 1616 4241 domo
1644 4180 2092 4259 Gualandinga
2115 4183 2246 4257 >²)
2276 4179 2585 4242 adjuvare
2613 4180 2873 4242 debent.

420 4281 834 4342 Habitabunt
876 4278 1017 4343 1111
1061 4298 1307 4339 menses
1348 4280 1686 4342 annuatim
1729 4279 1794 4339 in
1848 4297 2007 4357 pace
2048 4285 2117 4339 et
2156 4278 2264 4340 III
2305 4280 2371 4339 in
2424 4298 2656 4359 guerra
2708 4278 2878 4340 infra

418 4381 751 4440 civitatem
793 4377 994 4451 Vult.;
1035 4396 1154 4456 pro
1195 4374 1492 4437 omnibus
1520 4375 1977 4437 Gualandellus
2005 4382 2074 4437 et
2100 4376 2314 4438 Guido
2342 4378 2651 4456 recipient
2675 4370 2876 4438 CCCC

418 4476 524 4537 lib.
548 4481 804 4538 monete
826 4476 1003 4537 Vult.
1047 4476 1193 4536 Aet.
1218 4473 1393 4534 Vult.
1417 4475 1483 4534 in
1506 4475 1734 4535 maiori
1761 4474 1930 4547 eccl„
1955 4473 2529 4549 MCLXXXXIII,
2554 4475 2698 4536 IIII
2724 4493 2874 4534 non.

566 4699 607 4764 ¹)
655 4700 921 4753 mamam
958 4701 1093 4750 ΧΠ.
1242 4701 1285 4767 ²)
1326 4700 1533 4762 οειειρε.

637 4846 667 4891 6
