4000 5700
1144 486 1252 538 226
1792 483 2233 537 REGESTUM
2271 480 2957 536 VOLATERRANUM

1263 681 1733 758 Mangerius
1773 678 1953 752 dicit,
1997 678 2174 755 quod
2215 676 2455 738 electus
2497 678 2734 755 recepit
2769 676 2876 736 DC
2920 673 3025 735 lib.
3057 695 3173 754 pro
3204 675 3363 737 DCC
3393 697 3436 736 a
3459 675 3606 736 Pal·

1148 788 1319 854 tone,
1350 778 1527 858 quod
1565 775 1861 838 debitum
1902 775 2030 837 fuit
2059 778 2420 836 usurarium
2447 781 2516 836 et
2544 774 2718 854 quod
2746 775 2987 835 elect-us
3014 775 3226 852 ipsum
3253 776 3604 845 contraxit,

1148 880 1305 959 quia
1330 883 1489 938 tuno
1515 876 1790 937 intravit
1815 875 1883 935 in
1910 875 2352 954 episcopatum
2381 880 2450 934 et
2477 894 2608 935 non
2635 874 2854 951 potuit
2879 871 3116 933 habere
3143 874 3279 934 eius
3307 880 3510 935 terras
3536 880 3609 934 ct

1148 976 1459 1055 imprimis
1500 973 1920 1035 Pulicianum.
1954 972 2172 1032 Credit
2199 970 2369 1032 bona
2398 972 2466 1031 in
2491 971 2670 1031 Vult.
2701 976 2769 1032 et
2796 969 2860 1031 S.
2892 970 3143 1031 Gemin.
3173 989 3360 1049 posse
3385 971 3604 1045 vendi,

1147 1075 1302 1155 quia
1341 1075 1474 1134 sint
1514 1073 1775 1132 minoris
1817 1071 2006 1150 pret-ii
2045 1076 2117 1131 et
2156 1075 2422 1149 propter
2462 1070 2828 1149 potentiam
2869 1088 3112 1141 eorum,
3153 1069 3266 1148 qui
3306 1071 3447 1148 ipsa
3493 1070 3603 1131 de-

1147 1174 1378 1244 tinent,
1443 1174 1659 1249 posset
1720 1169 1938 1228 venire
1998 1166 2084 1226 ad
2143 1165 2391 1245 brigam
2452 1185 2598 1227 oum
2663 1165 3064 1227 comunibus.
3209 1165 3606 1227 Braccius

1150 1265 1653 1330 Francobari
1694 1263 1857 1325 dicit
1896 1261 2288 1325 CCLXVIII
2316 1262 2426 1325 lib.
2453 1269 2823 1324 contractas
2849 1281 2984 1323 esse
3014 1281 3132 1342 pro
3169 1269 3382 1324 castro
3408 1263 3605 1324 Gam-

1150 1364 1323 1426 bassi
1362 1382 1478 1443 per
1516 1360 1974 1424 Guilelminum
2015 1360 2097 1422 de
2126 1360 2467 1438 Romagna
2505 1362 2815 1421 vicarium
2844 1362 3257 1440 episcopatus
3289 1366 3602 1439 tempore,

1149 1482 1279 1543 quo
1305 1461 1545 1523 electus
1572 1461 1694 1527 ivit
1726 1459 1809 1521 ad
1839 1459 2227 1539 Lugdunum
2257 1457 2342 1518 ad
2368 1461 2632 1519 curiam.
2662 1459 2901 1533 Credit,
2932 1459 3108 1537 quod
3136 1458 3375 1520 electus
3405 1458 3607 1521 habet

1147 1558 1323 1620 ultra
1347 1563 1625 1639 quatuor
1654 1555 1830 1616 milia
1856 1555 1986 1617 alia
2025 1553 2263 1617 debita.
2311 1555 2665 1616 Ricoard
2682 1575 2769 1616 us
2795 1555 2973 1627 dicit,
3004 1554 3180 1635 quod
3207 1555 3507 1635 Paganus
3533 1557 3606 1616 in

1147 1656 1374 1717 mortis
1412 1654 1704 1728 articulo,
1734 1672 1880 1713 cum
1910 1657 2239 1713 teneretur
2293 1659 2537 1713 certam
2593 1672 2913 1713 summam
2971 1652 3232 1727 solvere,
3291 1651 3608 1732 obligavit

1144 1753 1477 1833 capellam,
1520 1771 1638 1830 pro
1677 1771 1809 1830 qua
1848 1750 2223 1812 rehabenda
2270 1751 2512 1812 electus
2565 1752 2805 1829 recepit
2859 1750 3096 1814 MCCX
3150 1750 3257 1811 lib.
3301 1770 3342 1810 a
3385 1752 3607 1813 Bouti-

1146 1869 1369 1930 vegna.
1455 1851 1920 1910 Ronzettus
1976 1854 2137 1909 not.
2181 1847 2359 1921 dicit,
2404 1848 2582 1927 quod
2622 1849 2863 1910 electus
2905 1854 3165 1909 tenetur
3190 1847 3414 1909 debito
3453 1867 3607 1909 oon—

1147 1951 1361 2010 tracto
1401 1966 1441 2007 a
1482 1946 1743 2024 Pagano
1783 1947 1972 2007 sortis
2014 1946 2164 2007 CCC
2209 1945 2315 2006 lib.
2361 1945 2508 2006 filiis
2551 1946 3003 2019 Preitemanni‚
3059 1952 3147 2016 et,
3192 1946 3364 2025 quod
3407 1966 3606 2024 penes

1145 2065 1214 2107 se
1254 2050 1499 2104 cartam
1543 2044 1660 2105 sibi
1705 2063 1745 2104 a
1786 2044 2089 2123 predictis
2130 2045 2214 2104 ad
2258 2045 2594 2105 visendum
2640 2045 2948 2105 traditam
2993 2044 3164 2104 ultra
3206 2065 3446 2105 annum
3490 2044 3605 2104 ha-

1149 2142 1312 2212 buit,
1333 2147 1490 2202 tunc
1512 2141 1810 2213 reddidit,
1844 2149 1930 2214 et,
1962 2141 2138 2220 quod
2167 2142 2279 2202 filii
2309 2143 2484 2220 apud
2515 2149 2906 2220 potestatem
2939 2143 3115 2202 Vult..
3143 2141 3428 2203 libellum
3455 2162 3604 2203 con-

1143 2240 1499 2319 questionis
1541 2248 1765 2299 contra
1809 2239 2086 2299 electum
2127 2239 2580 2317 deposuerunt.
2614 2239 2808 2307 Dicit,
2840 2241 3016 2317 quod
3044 2239 3215 2300 bona
3248 2238 3422 2317 apud
3448 2239 3604 2300 Vul-

1147 2344 1383 2398 terram
1427 2342 1495 2396 et
1523 2335 1586 2396 S.
1618 2336 1869 2396 Gemin.
1900 2344 1968 2397 et
1996 2356 2109 2415 per
2140 2337 2436 2398 Pisanam
2468 2339 2802 2397 civitatem
2832 2347 2902 2398 et·
2930 2357 3041 2415 per
3068 2345 3352 2398 castrum
3382 2336 3604 2398 Sancti

1148 2437 1431 2497 Miniatis
1452 2445 1521 2495 et
1541 2453 1814 2496 comune
1838 2434 2112 2496 Senense
2134 2444 2405 2513 possunt
2427 2435 2652 2495 melius
2676 2436 2883 2497 vendi.
2948 2436 3443 2497 Ildebrandinus
3463 2445 3602 2496 not.

1477 2534 1634 2597 Volt.
1669 2533 1905 2595 AVeec.
1935 2552 1986 2593 s.
2018 2532 2208 2592 XIII
2230 2533 2353 2594 dec.
2379 2534 2418 2593 6
2440 2554 2501 2593 n.
2531 2534 2613 2594 37
2641 2534 2815 2611 Oriq.
2900 2533 3082 2595 Liber
3107 2535 3348 2595 iuriam
3375 2535 3473 2595 24¹
3499 2534 3605 2594 cit.

1146 2732 1289 2790 680.
2661 2728 3029 2806 Montopoli‚
3073 2729 3153 2790 12
3197 2730 3380 2791 Mdrz
3420 2729 3604 2791 1257.

1270 2826 1585 2888 Henricus
1612 2845 1713 2905 ep.
1739 2825 2039 2887 Lucanus
2060 2828 2451 2888 auctoritate
2480 2825 2829 2889 Alexandri
2852 2826 2943 2889 lV
2966 2832 3007 2898 ¹)
3033 2828 3462 2890 commisimus
3493 2827 3604 2890 ab·

1148 2927 1366 2988 batis.
1395 2925 1565 2985 Iusti
1606 2925 1805 2998 Vult.,
1837 2931 1911 2984 ut
1944 2926 2228 3002 inquirat
2269 2925 2350 2985 de
2390 2925 2625 2985 debitis
2667 2928 3209 3004 episcopatus
3251 2927 3491 2997 Vult„
3534 2934 3606 2988 et

1152 3025 1492 3106 Pegolocto
1532 3023 1613 3084 de
1654 3024 2116 3103 Montemagno
2156 3024 2401 3085 sindico
2443 3030 2508 3083 et
2550 3023 2849 3085 familiari
2894 3025 3155 3085 Ranerii
3195 3027 3379 3087 electi
3420 3027 3602 3087 Vult.

1148 3126 1578 3184 instrumento
1632 3120 1967 3191 MCCLVL
2026 3122 2158 3181 ind.
2218 3121 2447 3194 XIIII,
2495 3121 2694 3182 VIIII
2744 3122 2831 3183 id.
2891 3129 3077 3183 mart.
3106 3125 3152 3199 ²)
3197 3123 3605 3186 concedimus

1147 3223 1247 3281 ius
1289 3218 1606 3280 vendendi
1649 3219 1826 3280 bona
1862 3219 1947 3279 ad
1990 3218 2094 3278 III
2139 3219 2316 3281 milia
2356 3219 2483 3292 lib,
2527 3221 2622 3281 ita
2663 3225 2905 3294 tamen,
2948 3221 3123 3299 quod
3165 3224 3376 3283 minus
3417 3223 3605 3284 utilia

1147 3318 1319 3379 bona
1361 3318 1726 3377 vendantur
1766 3324 1831 3376 et
1874 3316 2096 3376 debita
2136 3315 2557 3378 creditoribus
2599 3337 2711 3396 per
2752 3318 3056 3380 abbatem
3099 3339 3148 3379 s,
3194 3318 3361 3381 Iusti
3401 3321 3604 3381 exsol-

1147 3420 1403 3478 vantur.
1491 3415 1632 3473 Act.
1678 3415 1741 3472 in
1784 3413 2219 3491 Montetopari
2261 3415 2328 3475 in
2369 3414 2563 3475 domo
2605 3413 2939 3477 Orlandini
2980 3417 3207 3478 iudicis
3241 3418 3309 3478 in
3350 3438 3605 3480 cassato

1146 3520 1330 3574 terre.
1416 3513 1599 3573 Bovo
1639 3511 1721 3572 de
1764 3511 2231 3573 Antelminellis
2271 3514 2652 3592 iurisperitO.
2697 3514 2888 3576 Maza
2926 3514 3199 3594 plebano
3241 3517 3323 3576 de
3377 3516 3603 3579 Barbi-

1151 3612 1347 3673 naria.
1395 3609 1680 3671 Currado
1725 3609 2104 3670 Rustichelli
2144 3611 2226 3671 de
2252 3609 2447 3671 Luca.
2477 3611 2892 3674 Gualterocto
2919 3612 3000 3673 de
3027 3613 3281 3674 Maona.
3311 3615 3605 3675 Iohanne

1148 3715 1304 3781 not„
1348 3707 1502 3768 aliis.
1612 3706 1981 3778 MOCLVII,
2040 3707 2184 3769 IIII
2239 3707 2323 3768 id.
2369 3716 2581 3780 mart„
2624 3710 2750 3771 XV
2791 3710 2919 3771 ind.
3025 3712 3247 3773 Cecius
3300 3713 3383 3773 de
3437 3715 3601 3775 Fon·

1180 3827 1219 3866 a
1393 3814 1481 3866 ot.

1144 3814 1175 3867 t
1225 3828 1305 3868 ηδ
1347 3828 1387 3867 ¹¹
1476 3905 1627 3966 Volt.
1676 3905 1728 3963 A
1748 3904 1912 3964 Vesc.
1957 3924 2006 3963 3.
2053 3904 2237 3965 XIII
2280 3905 2403 3964 dec.
2450 3906 2488 3965 6
2527 3927 2591 3966 π.
2623 3907 2704 3965 50
2747 3906 2978 3983 (Sieqel
3019 3909 3337 3984 verloren).

1148 4114 1283 4174 681.
2846 4113 3002 4186 (Vor
3042 4113 3122 4173 15
3167 4113 3352 4176 Marz
3390 4115 3599 4193 1257).

1266 4210 1427 4271 Cum
1457 4208 1625 4268 inter
1654 4227 1923 4269 comune
1953 4208 2126 4268 Vult.
2171 4214 2237 4268 et
2283 4207 2957 4270 Ildibrandinum
3000 4218 3080 4272 et
3120 4211 3599 4274 Umbertum

1146 4308 1375 4368 fratres
1418 4306 1685 4366 comites
1725 4305 1768 4364 f.
1814 4306 1964 4365 olim
2022 4304 2360 4366 Guillielmi
2418 4308 2671 4367 comitis
2726 4307 2801 4367 lis
2844 4314 3202 4368 verteretur
3254 4309 3336 4369 de
3389 4318 3604 4372 castro

1145 4403 1683 4481 Montisgemmoli
1726 4411 1793 4464 et
1835 4413 2047 4463 castro
2090 4402 2310 4464 Sillani
2353 4424 2626 4482 cumque
2657 4406 3000 4466 Pactuccio
3041 4408 3121 4466 dc
3164 4409 3467 4469 Concesio
3507 4428 3601 4468 se-

1147 4504 1359 4563 cunda
1391 4504 1526 4560 vice
1553 4503 1893 4580 capitaneo
1919 4509 1985 4561 et
2015 4504 2313 4573 amianiz,
2345 4503 2607 4562 consilio
2636 4505 2979 4575 credentie,
3013 4505 3288 4567 XXIIII
3313 4508 3601 4568 consilia-

1293 4691 1337 4757 ¹)
1377 4691 1519 4740 Oben
1558 4708 1610 4741 n.
1652 4695 1770 4741 655.
1906 4693 1948 4756 ²)
1996 4695 2131 4741 1:256
2171 4693 2329 4741 Mdrz
2369 4699 2416 4743 A.

3803 30 3808 31 ⁷
3833 30 3950 41 -Τ-ὴ--ι
