4000 5700
1105 469 1547 525 REGESTUM
1585 469 1906 523 VOLATE
1917 469 1968 520 R
1975 469 2143 521 RAN
2156 469 2272 522 UM
2812 469 2919 524 279

457 685 854 747 quamquam
897 667 1208 726 terminus
1263 665 1530 737 effluxit,
1589 670 1854 726 actenus
1911 686 2042 726 non
2096 665 2408 725 satisfecit·
2463 669 2568 725 eis.
2626 665 2917 739 Mandat,

458 766 765 843 quatinus
792 782 1053 825 causam
1082 762 1310 823 audiat
1336 768 1405 823 et
1426 764 1635 823 usuris
1663 763 2063 837 cessantibus
2091 762 2364 823 decidat.
2429 763 2681 824 «Nobis
2710 761 2853 842 Ugo
2873 782 2918 823 ι).

462 863 609 922 Dat.
641 860 915 922 Viterbii
960 861 1065 921 III
1107 861 1190 921 id.
1237 868 1384 931 oct„
1430 861 1634 939 [pont.
1682 860 1744 940 I]
1774 862 1836 935 ¹).

461 1024 468 1029 ,
787 960 990 1021 Ιηερνε
1033 960 1106 1021 in
1147 980 1210 1019 π.
1256 959 1394 1019 830.
2170 1028 2175 1034 ,

458 1059 598 1120 827.
1855 1058 2194 1129 Μὶσοίαηο,
2239 1058 2319 1119 25
2360 1058 2698 1119 November
2737 1057 2915 1120 1276.

579 1154 1052 1227 MCCLXXVI,
1083 1155 1210 1215 ind.
1245 1154 1321 1227 V·,
1355 1155 1548 1215 XXV
1578 1174 1724 1217 nov.
1797 1155 1947 1215 Rai
1968 1157 2245 1216 nerius
2273 1176 2369 1235 ep.
2394 1156 2567 1217 Vult.
2591 1156 2830 1217 locavit
2849 1162 2917 1217 et

457 1254 767 1315 concessIt
795 1254 863 1313 in
902 1253 1171 1314 feudum
1214 1258 1279 1313 et
1307 1255 1374 1313 in
1404 1252 1850 1332 emphiteosim
1878 1253 2083 1326 Colto,
2116 1252 2305 1325 Dino,
2337 1252 2616 1315 Guidoni
2644 1260 2776 1314 not.
2809 1254 2913 1332 qd.

456 1351 773 1417 Albertini
817 1352 1054 1431 podere
1094 1353 1161 1411 in
1202 1351 1573 1423 SeraczanO,
1605 1352 1780 1430 quod
1807 1351 1934 1414 fuit
1979 1353 2428 1425 Balzanorum,
2457 1357 2523 1412 et
2552 1352 2920 1413 habuerunt

459 1452 669 1529 ipsum
710 1448 794 1509 ab
836 1450 1169 1527 episcopis,
1215 1469 1331 1527 pro
1371 1449 1590 1509 danda
1632 1469 1851 1510 eorum
1895 1451 2190 1530 expensis
2246 1441 2314 1510 et
2357 1449 2601 1529 absque
2642 1469 2916 1511 comme·

456 1548 664 1608 stione
693 1549 760 1608 in
786 1547 928 1607 fest.
960 1566 1008 1607 s.
1032 1546 1281 1607 Stefani
1308 1566 1436 1607 una
1465 1546 1629 1607 libra
1656 1566 1794 1607 cere
1824 1547 2204 1608 castaldioni
2225 1548 2418 1607 castri
2441 1547 2520 1607 de
2541 1546 2915 1621 Seraczano;

456 1664 598 1723 pen.
631 1644 696 1704 X
724 1644 831 1704 lib.
876 1644 1018 1705 den.
1064 1644 1187 1705 Pis.
1274 1644 1510 1705 Actum
1540 1645 1716 1724 apud
1743 1644 1995 1724 plebem
2026 1645 2106 1706 de
2136 1644 2466 1706 MiccianO.
2547 1647 2915 1706 Primerano

456 1741 733 1820 plebano
786 1744 867 1803 de
923 1742 1469 1821 Ripamarrancia.
1515 1742 1753 1803 Guccio
1796 1743 2138 1821 paganelli.
2198 1742 2514 1803 Palmerio
2566 1742 2911 1803 Aldibaldi.

456 1840 740 1901 Orlando
769 1839 1021 1900 Andree
1062 1840 1143 1900 de
1187 1839 1502 1901 Libbiano
1545 1847 1622 1900 tt.
1747 1840 2024 1901 Iacobus
2066 1841 2144 1901 de
2188 1840 2401 1901 Leona
2445 1841 2636 1901 iudex
2680 1848 2744 1901 et
2780 1845 2913 1901 not.

785 1937 945 1999 Volt.
980 1938 1220 1998 AVesc.
1251 1956 1298 1997 ⁸.
1331 1937 1520 1999 XIII
1548 1938 1673 1999 dec.
1706 1938 1745 1998 8
1772 1958 1835 1998 η.
1868 1939 1946 1999 45
1975 1938 2150 2016 Oriq.

454 2135 593 2194 828.
1847 2133 2187 2203 MiccianO,
2232 2132 2313 2193 26
2353 2132 2690 2194 November
2728 2133 2914 2194 1276.

573 2230 1045 2297 ΜΟΟΙΑΧΧἫῙΙ
1092 2230 1217 2290 incl.
1265 2230 1340 2300 V
1389 2229 1616 2290 XXVI
1659 2250 1806 2291 nov.
1909 2231 2049 2290 Act
2094 2231 2268 2340 apud
2317 2230 2567 2309 plebem
2623 2230 2705 2291 de
2758 2230 2909 2290 Mic·

454 2329 1112 2389 ciano.1r1mcraio
1171 2327 1446 2406 plebano
1497 2327 1578 2386 de
1636 2327 1826 2406 Ripa
1815 2348 2118 2388 narranc·
2128 2348 2184 2387 a.
2229 2328 2488 2389 Andrea
2542 2327 2790 2389 medico
2832 2327 2912 2388 de

452 2426 628 2487 Vult.
673 2427 941 2486 Alberto
985 2425 1256 2504 plebano
1299 2426 1379 2486 de
1423 2425 1731 2485 GerfalcO.
1781 2427 1991 2485 Bindo
2021 2426 2282 2505 [golini
2315 2426 2396 2486 de
2426 2427 2698 2487 PetroiO.
2730 2427 2911 2486 Tano

453 2524 704 2595 ,Alberti
742 2524 824 2585 de
863 2524 1191 2584 Florentia
1233 2530 1311 2584 tt.
1398 2523 1730 2585 Rolandus
1772 2523 1878 2603 qd.
1912 2524 2220 2603 Raynerii
2246 2524 2326 2584 de
2354 2525 2600 2597 Lcccia‚
2630 2524 2911 2585 sindicus

452 2625 740 2685 comunis
782 2622 863 2683 de
902 2622 1148 2693 Leccia,
1195 2624 1434 2701 recepit
1475 2641 1517 2682 a
1558 2622 1974 2700 Raynerio
2015 2642 2114 2701 ep.
2158 2622 2335 2683 Vult.
2381 2642 2601 2682 omnes
2642 2628 2815 2684 ortos
2843 2629 2911 2683 et

451 2719 865 2799 appendicias
907 2719 1100 2781 castri
1141 2720 1222 2780 de
1264 2720 1507 2780 Leccia.
1609 2719 1969 2798 Raynerius
2014 2719 2119 2798 qd.
2165 2719 2387 2780 Iacobi
2429 2720 2674 2780 Posche
2716 2719 2910 2781 iudex

451 2818 585 2880 ord.
630 2837 711 2879 ex
752 2816 1226 2886 abbreviatoris
1269 2818 1488 2898 patris.
2384 2899 2389 2904 ἱ

451 2966 456 2970 ,
571 2914 834 2976 Eisdem
876 2914 1015 2976 loco
1055 2920 1123 2976 et
1164 2916 1284 2977 die.
1383 2915 1651 2977 Alberto
1705 2916 1980 2994 plebano
2036 2916 2115 2976 de
2173 2916 2482 2977 Get-falec.
2541 2916 2911 2979 Primerano

451 3013 724 3092 plebano
764 3012 845 3073 de
887 3014 1435 3092 Ripamarrancia.
1480 3013 1664 3075 Colto
1708 3019 1773 3073 et
1815 3013 1985 3075 Dino
2016 3014 2120 3092 qd.
2153 3014 2590 3075 Ildcbrandini
2619 3014 2699 3074 de
2728 3013 2909 3076 Sera·

449 3131 610 3176 zano
653 3117 731 3171 tt.
818 3111 1288 3190 Raynerius
1330 3131 1427 3189 ep.
1473 3111 1646 3171 Vult.
1690 3112 1898 3172 eidem
1926 3112 2224 3173 Rolando
2255 3109 2494 3172 locavit
2535 3115 2601 3173 in
2643 3112 2907 3192 emphy-

375 3253 384 3264 .
449 3211 681 3272 teosim
721 3210 971 3289 petium
1014 3216 1178 3269 terre
1221 3211 1288 3269 in
1331 3209 1629 3270 districtu
1673 3210 1892 3271 Leccie
1933 3213 1998 3270 in
2028 3210 2270 3271 Caselle
2297 3230 2414 3289 pro
2443 3230 2658 3271 annuo
2685 3211 2906 3271 affictu

448 3307 542 3369 VI
583 3309 1008 3368 sextariorum
1029 3307 1338 3368 frumenti
1366 3309 1504 3367 sive
1531 3327 1911 3387 quartarum
1940 3308 2025 3368 ad
2053 3327 2353 3387 quat-ram
2386 3309 2531 3378 Pis..
2564 3309 2642 3369 de
2675 3316 2909 3387 agusto

447 3405 595 3465 eccl.
639 3405 813 3465 Vult.
862 3404 963 3465 vel
1004 3406 1139 3465 eius
1182 3406 1413 3465 nuntio
1453 3405 1589 3465 sive
1631 3405 2013 3466 castaldioni
2056 3408 2120 3466 in
2162 3405 2391 3466 Leccia
2433 3406 2904 3478 solvendarum;

448 3523 590 3583 pen.
640 3504 703 3563 X
745 3502 851 3568 lib.
896 3503 1040 3564 den.
1088 3503 1210 3563 Pis.
1298 3502 1658 3581 Raynerius
1701 3503 1804 3580 qd.
1851 3503 2073 3564 Iacobi
2113 3513 2249 3566 not.

779 3600 936 3661 Volt.
970 3600 1209 3662 AVesc.
1241 3619 1293 3659 ε.
1322 3599 1511 3660 XIII
1539 3600 1663 3661 dec.
1697 3600 1737 3661 8
1764 3622 1827 3661 η.
1861 3601 1940 3661 46
1967 3601 2139 3679 Oriq.
2174 3600 2355 3662 Liber
2394 3601 2636 3663 iuriam
2676 3602 2756 3662 15
2802 3603 2907 3663 cit.

449 3796 590 3857 829.
1946 3797 2182 3867 Leccia‚
2224 3797 2306 3858 29
2346 3797 2682 3858 November
2721 3795 2905 3858 1276.

568 3891 1042 3963 MCCLXXVI,
1073 3891 1322 3972 ind.„V,
1368 3891 1707 3952 XXVIIII
1749 3913 1895 3953 nov.
1979 3893 2124 3954 Act.
2153 3893 2393 3955 Leccie.
2479 3894 2654 3955 Pone
2694 3894 2907 3972 priore

448 4010 494 4050 s.
539 3988 817 4051 Victoris
856 3988 1277 4049 districtualis
1319 3987 1538 4050 Sancti
1585 3990 1942 4051 Geminiani
1986 3996 2054 4051 et
2096 3991 2467 4052 Primerano
2507 3990 2784 4069 plebano
2824 3991 2906 4051 de

449 4088 979 4167 Ripamarzancia
1035 4093 1112 4147 tt.
1221 4082 1687 4167 Raynerius
1748 4109 1846 4167 ep.
1904 4088 2078 4149 Vult.
2137 4092 2386 4168 accepit
2440 4091 2905 4167 possessionem

449 4189 641 4247 turris
683 4193 752 4246 et
794 4186 1025 4246 domus
1066 4186 1146 4245 de
1186 4185 1416 4246 Leccia
1454 4186 1536 4246 de
1578 4192 1782 4262 parte,
1840 4207 2035 4264 quam
2094 4194 2357 4260 emerat»,
2402 4194 2467 4246 et
2523 4195 2623 4249 est
2675 4189 2905 4248 domus

446 4286 848 4345 iuxta-viam
890 4292 950 4343 et
999 4283 1460 4364 ripam'fcastri.
1568 4284 1932 4364 Raynerius
1973 4285 2079 4363 qd.
2124 4285 2345 4346 Iacobi
2400 4286 2592 4346 iudex
2647 4287 2777 4345 ord.
2825 4305 2903 4345 ex

446 4381 918 4443 abbreviaturis
960 4380 1179 4442 Iacobi
1224 4381 1327 4459 qd.
1376 4381 1616 4442 Posclie
1658 4385 1878 4460 patris.

776 4480 930 4542 Volt.
964 4480 1201 4542 AVesc,
1248 4501 1293 4539 s,
1341 4479 1529 4541 XIII
1556 4481 1675 4540 dec.
1711 4481 1750 4540 8
1779 4502 1837 4541 n.
1871 4482 1949 4539 47
1986 4481 2155 4558 Oriq.
2204 4482 2382 4542 Liba·
2426 4482 2663 4543 iuriam
2699 4483 2773 4542 15
2798 4483 2899 4544 cit.

591 4687 634 4748 ¹)
663 4687 812 4735 Fame
850 4687 927 4734 im
963 4688 1156 4735 Imm-t.
