4000 5700
1102 527 1169 579 12

1746 523 2189 578 REGESTUM
2231 523 2914 578 VOLATERRANUM

1096 720 1195 782 37·
1222 826 1237 851 ‘
1263 819 1471 879 Boso
1517 837 1788 878 vescovo
1828 817 1913 879 d&
1953 838 1993 880 a
2037 817 2250 877 livello
2290 837 2330 878 a
2373 817 2679 878 Nittardo
2707 837 2742 877 e
2767 818 2981 879 Teuzo
3010 837 3100 878 un
3128 719 3361 896 potitii
3386 719 3556 878 {2ss

1096 924 1273 978 corte
1315 916 1382 976 di
1411 916 1473 977 S.
1506 916 1784 976 Eusebio
1812 935 1925 993 per
1953 915 2113 976 soldi
2142 936 2181 974 o
2210 915 2432 977 denari
2459 921 2504 992 ¹)
2534 916 2815 994 quindici
2847 916 3063 977 l’anno
3106 916 3172 975 di
3201 936 3442 976 canone
3469 915 3555 989 da

1098 1016 1353 1095 pagarsi
1394 1014 1496 1074 nel
1540 1014 1763 1092 giorno
1804 1013 1870 1073 di
1913 1012 1974 1102 S.
2023 1013 2225 1073 Maria
2269 1012 2554 1074 Assunta
2594 1033 2630 1074 e
2670 1012 3076 1093 coll’obbligo
3104 1012 3170 1072 di
3211 1012 3554 1074 fabricarvi

1098 1132 1231 1174 una
1268 1132 1590 1272 emron.
1636 1211 1873 1272 Ανωο.
1921 1210 2090 1288 App.
2136 1230 2186 1271 ε.
2231 1209 2299 1270 x
2339 1230 2400 1270 n.
2445 1211 2485 1272 2
2524 1209 2743 1286 Requi
2781 1229 2834 1270 a.
2879 1164 3135 1270 xvm
3170 1209 3241 1270 in
3269 1209 3554 1269 sanem

1419 1305 1823 1385 Gopcalbuch.
1868 1307 2043 1384 Oriq.
2085 1308 2573 1369 versckwumlen.

1096 1503 1193 1565 38.
2766 1503 3059 1576 Volterra,
3105 1504 3146 1563 9
3191 1503 3376 1563 Mdrz
3416 1503 3554 1564 960.

1219 1601 1640 1680 Berengarius
1682 1606 1747 1660 ct
1790 1599 2138 1660 Dalbertus
2179 1600 2413 1661 dilecto
2456 1600 2501 1660 f.
2533 1601 2671 1661 eius
2699 1600 2954 1679 regibus
2989 1621 3047 1660 a.
3084 1601 3354 1669 decimO,
3384 1619 3553 1660 nono

1098 1704 1310 1767 mart„
1356 1698 1484 1758 ind.
1533 1700 1744 1758 tert-ia.
1831 1698 2214 1758 Anselmo
2254 1697 2299 1758 f.
2341 1698 2403 1758 b.
2457 1718 2541 1759 m.
2590 1698 2837 1776 Alperti
2879 1698 3143 1758 clericus
3185 1717 3302 1777 pro
3341 1700 3554 1758 anime

1096 1796 1375 1855 remedio
1419 1796 1618 1856 offero
1660 1796 1798 1855 Deo
1840 1800 1907 1855 et
1951 1816 2000 1854 S.
2050 1794 2400 1872 Optabiani
2431 1796 2599 1855 iusta
2625 1794 2819 1854 domo
2850 1814 2898 1854 S.
2930 1795 3129 1855 Marie
3156 1797 3552 1874 episcopatui

1099 1893 1306 1953 Voiot.
1356 1894 1771 1954 medietatem
1798 1892 1880 1953 de
1908 1912 2058 1953 casa
2085 1900 2152 1952 et
2181 1900 2352 1953 sorte
2380 1894 2445 1952 in
2473 1892 2801 1961 Curnocle,
2832 1912 2881 1953 r.
2914 1912 3025 1972 per
3055 1893 3310 1953 Rodulo
3341 1912 3550 1963 masa:

1096 2010 1239 2069 pen.
1282 1990 1479 2068 dupli.
1590 1991 1732 2051 Act.
1777 1991 2004 2050 eclesia
2047 2010 2095 2050 S.
2143 1990 2341 2051 Marie
2398 1992 2660 2070 virginis
2714 1997 2781 2050 et
2837 1992 3164 2051 territurio
3203 1990 3550 2051 Voloterre.

1098 2086 1158 2147 S.
1207 2108 1289 2148 m.
1337 2088 1637 2148 Anselmi.
1672 2088 2001 2148 Everardo
2033 2089 2225 2149 iudex
2254 2107 2491 2167 regum.
2520 2090 2747 2149 Petrus
2782 2088 2971 2149 iudex
3005 2108 3242 2167 regum.
3326 2087 3550 2147 Uuini-

1099 2185 1273 2245 hildo
1316 2186 1512 2246 iudex
1559 2205 1796 2264 regum.
1843 2186 2074 2246 Petrus
2118 2193 2250 2245 not.
2295 2206 2377 2245 ss.
2448 2187 2744 2246 Donatus
2788 2191 2922 2245 not.
2951 2204 3191 2264 regum.

1427 2283 1581 2345 Volt.
1626 2283 1845 2362 AGap.
1888 2304 1950 2344 n.
1994 2284 2076 2345 15
2116 2284 2286 2359 Oriq.
2331 2284 2417 2345 In
2455 2284 2634 2344 dorso
2673 2303 2722 2344 ε.
2770 2283 2876 2343 XI
2917 2284 3165 2344 cart-ula
3211 2284 3290 2344 de
3335 2288 3554 2344 monte

1417 2381 1719 2443 Cornocle
1763 2383 1826 2441 in
1870 2382 2054 2459 plebe
2095 2382 2176 2441 de
2205 2382 2530 2442 Fosciano.

1100 2578 1195 2637 39.
2748 2573 3079 2644 ,Vellem-a,
3125 2575 3373 2651 Anqust
3413 2573 3551 2634 960.

1219 2674 1639 2751 Berengarius
1682 2678 1747 2731 et-
1794 2671 2180 2732 Adalbertus
2221 2671 2265 2731 f.
2310 2674 2444 2732 eius
2487 2671 2741 2751 regibus
2784 2692 2841 2732 a.
2887 2672 3155 2741 decime,
3207 2692 3373 2751 aug„
3419 2671 3550 2732 ind.

1096 2773 1310 2832 tertia.
1410 2770 1817 2831 Arnaldus
1872 2770 2211 2831 archidiac.
2256 2771 2523 2831 custode
2563 2771 2711 2831 eccl.
2757 2791 2804 2830 S.
2851 2769 3238 2831 Octabbiani
3281 2771 3362 2831 de
3403 2790 3550 2831 con-

1096 2891 1281 2930 sensu
1325 2870 1729 2929 sacerdotum
1775 2890 1913 2930 can.
1943 2869 2186 2930 fratum
2207 2875 2252 2946 2')
2283 2889 2570 2930 meorum
2600 2890 2707 2930 seo
2751 2870 2979 2930 levitas
3023 2871 3233 2949 adque
3275 2872 3551 2931 ciraticis

1095 2968 1203 3028 lib.
1250 2970 1382 3028 iure
1412 2968 1596 3028 firmo
1625 2967 1816 3028 Perto
1857 2966 1903 3026 f.
1936 2967 2211 3027 Iohanni
2239 2970 2677 3029 consentiente
2707 2971 2990 3047 genitore
3019 2988 3230 3028 casam
3263 2974 3330 3027 et
3359 2987 3456 3028 res
3487 2969 3549 3027 in

1094 3066 1445 3136 LavaianO,
1476 3085 1526 3125 r.
1577 3066 1767 3125 modo
1817 3085 1927 3143 per
1981 3067 2284 3142 genitore,
2331 3067 2608 3142 pertinet
2664 3066 2745 3125 de
2799 3066 2982 3143 plebe
3023 3087 3072 3126 S.
3118 3065 3332 3134 Felici,
3377 3065 3552 3144 quod

1074 3169 1192 3222 ⁴est
1233 3161 1313 3222 de
1354 3163 1682 3233 canonica,
1730 3181 1843 3241 pro
1888 3181 2059 3239 penS.
2091 3181 2310 3222 annua
2337 3164 2400 3221 in
2441 3161 2586 3222 fest.
2631 3183 2677 3221 s.
2725 3161 2920 3222 Marie
2962 3164 3025 3222 in
3069 3183 3211 3242 aug.
3244 3163 3552 3222 solvenda

1094 3279 1226 3336 arg.
1256 3259 1401 3320 den.
1432 3258 1703 3319 duodeci
1734 3258 1792 3318 b.
1823 3279 1964 3336 exp.
1997 3258 2204 3337 qualis
2235 3279 2345 3335 per
2373 3267 2570 3337 temp.
2615 3279 2692 3330 o.;
2727 3278 2867 3336 pen.
2899 3279 3030 3334 arg.
3059 3259 3172 3320 soi.
3203 3260 3548 3319 sexsaint-a.

1096 3356 1238 3417 Act.
1284 3356 1636 3416 Voloterre.
1749 3356 2066 3416 Arnoldus
2123 3356 2465 3416 archidiac.
2510 3377 2587 3415 εει.
2633 3355 2695 3416 S.
2743 3377 2822 3415 m.
2870 3357 3062 3417 Perti.
3108 3358 3410 3418 Iohannis
3464 3358 3551 3418 ad

1095 3455 1227 3515 filio
1280 3474 1397 3514 suo
1451 3455 1758 3515 consensi.
1802 3452 2134 3514 Gotserius
2179 3454 2396 3514 levita.
2441 3452 2675 3515 Gundo
2719 3454 2935 3526 levita,
2969 3455 3115 3515 kan.
3152 3461 3218 3515 et
3261 3455 3548 3533 primice-

1096 3553 1245 3612 riuS.
1295 3552 1629 3612 Anselmus
1686 3551 1971 3612 subdiac.
2032 3551 2178 3612 kan.
2226 3551 2626 3612 Rainbaldus
2668 3552 2877 3631 presb.
2922 3560 2989 3613 et.
3044 3572 3181 3613 can.
3227 3573 3309 3612 ες.
3354 3551 3416 3612 S.
3461 3572 3547 3615 m.

1098 3649 1405 3709 Everardi
1444 3649 1806 3730 vicedomui
1838 3657 1917 3710 tt.
1953 3650 2218 3710 Berardi
2247 3649 2291 3709 f.
2329 3650 2574 3709 Andree
2605 3656 2684 3710 tt.
2719 3650 3001 3711 Berardo
3029 3656 3164 3712 not.
3189 3670 3267 3709 ss.
3355 3650 3549 3710 Rain-

1098 3747 1318 3808 bertus
1359 3754 1493 3807 not.

1426 3845 1584 3906 Volt.
1630 3844 1850 3923 ACap.
1894 3865 1957 3905 n.
1990 3846 2070 3906 16
2101 3845 2269 3921 Oriy.

1092 4043 1192 4101 40.
2808 4042 3102 4112 Volterra,
3125 4042 3204 4102 17
3230 4042 3278 4101 J
3283 4042 3381 4103 uli
3409 4041 3546 4103 961.

1216 4140 1634 4216 Berengarius
1664 4146 1727 4199 et
1760 4138 2147 4199 Adaibertus
2176 4141 2410 4201 dilecto
2438 4140 2484 4200 f.
2516 4142 2650 4200 eius
2679 4140 2934 4219 regibus
2977 4160 3032 4200 a.
3078 4140 3201 4212 XI,
3237 4139 3393 4200 XVI
3421 4138 3547 4201 kal.

1094 4239 1326 4315 agusti,
1372 4236 1502 4297 ind.
1547 4244 1799 4315 quarta.
1886 4237 2004 4296 Ka
2023 4241 2334 4299 marino
2376 4239 2636 4299 clericus
2665 4245 2731 4297 et·
2760 4239 2921 4299 diac.
2951 4238 2997 4299 f.
3023 4238 3085 4299 b.
3111 4258 3194 4297 m.
3238 4238 3549 4299 Everardi

1094 4353 1210 4413 pro
1252 4333 1530 4394 remedio
1572 4336 1876 4414 genitoris
1920 4335 2120 4394 offero
2159 4336 2353 4396 domo
2396 4356 2445 4396 s,
2479 4336 2675 4395 Maris
2703 4335 2802 4395 fra
2830 4338 2875 4412 8)
2921 4356 3103 4396 mura
3131 4337 3307 4395 civit.
3335 4334 3547 4395 Volot.

1094 4432 1157 4490 in
1196 4435 1519 4508 potestate
1548 4430 1901 4490 canonicha
1937 4451 1985 4489 S.
2020 4429 2414 4491 Obtabbiani
2442 4451 2658 4492 casam
2689 4439 2755 4489 et
2784 4439 3021 4493 sortem
3051 4433 3116 4492 in
3146 4432 3546 4507 Roncunuia,

1094 4548 1139 4587 r.
1186 4548 1297 4606 per
1338 4526 1446 4606 qd.
1494 4528 1777 4598 Petrum,
1822 4547 2018 4606 quam
2060 4529 2140 4589 de
2182 4532 2468 4609 genitore
2512 4537 2701 4591 teneo
2728 4536 2792 4590 et
2827 4530 3134 4590 Everardi
3166 4549 3274 4609 per
3302 4530 3552 4590 cartula

1244 4735 1283 4796 ¹)
1325 4733 1510 4783 Sic-her
1545 4734 1773 4783 denarii.
1923 4735 1963 4797 ²)
1994 4754 2010 4758 r
2033 4754 2052 4758 ·
2079 4735 2332 4784 fratrum.
2482 4735 2522 4794 »
2545 4755 2612 4782 Σ
2635 4736 2794 4785 intra.
