4000 5700
1158 469 1261 525 10⁴2
1798 471 2242 525 REGESTUM
2279 471 2836 527 VOLATERRAN
2847 475 2964 527 UM

1155 668 1443 729 iuramus
1483 686 1617 728 esse
1660 667 1830 729 Vult.
1878 669 2050 729 cives
2091 675 2157 730 et
2199 668 2744 732 comandamenta
2768 669 3100 731 consulum
3132 671 3229 731 vel
3267 673 3617 750 potestatis*

1155 765 1671 839 observabimus;
1716 768 1782 827 in
1826 768 2019 828 domo
2047 769 2152 829 vel
2178 773 2352 830 terra
2374 767 2547 829 Vult.
2579 769 2647 829 L.
2692 768 2798 831 lib.
2831 768 3162 841 dabimus;
3205 769 3617 831 concedimus

1155 865 1636 943 Ingerramo
1678 864 1890 925 Vult.
1935 867 2347 944 potestati
2392 866 2983 928 Castellumnovum
3024 867 3105 927 de
3146 866 3494 928 Montanea
3526 868 3616 928 ad

1156 981 1451 1042 guerram
1498 964 1595 1022 vel
1640 982 1862 1041 pacem
1908 964 2056 1024 inde
2097 964 2455 1026 faciendam
2478 985 2493 1038 ;
2540 984 2760 1025 omnes
2801 964 3091 1026 homines
3120 967 3257 1027 eius
3285 967 3490 1027 iurare
3517 966 3609 1027 fa·

1160 1061 1398 1120 ciemus
1440 1060 1687 1121 salvare
1729 1061 2020 1122 homines
2062 1062 2232 1124 Vult.
2279 1070 2346 1124 et
2387 1061 2725 1123 observare
2779 1068 3080 1143 precepta
3136 1064 3468 1124 consulum
3508 1054 3613 1124 vel

1159 1161 1517 1235 potestat-is
1567 1160 1755 1221 Omni
1799 1179 1971 1219 anno
2014 1161 2082 1220 in
2122 1160 2223 1220 die
2267 1181 2310 1220 s.
2359 1159 2558 1222 Marie
2599 1160 2678 1220 de
2707 1179 2848 1239 aug.
2882 1161 2914 1221 I
2945 1160 3049 1221 lib.
3085 1180 3212 1241 arg.
3244 1167 3311 1222 et
3340 1160 3474 1221 XII
3504 1160 3609 1221 lib.

1160 1276 1299 1317 cere
1344 1258 1656 1318 dabimus
1744 1259 1884 1337 Ego
1924 1259 2281 1320 Gnidoctus
2323 1259 2404 1319 de
2445 1258 2616 1320 Colle
2644 1257 2873 1319 faciam
2905 1259 3018 1328 ita,
3050 1260 3225 1338 quod
3254 1260 3620 1339 Rugerinus

1160 1361 1227 1414 et
1267 1353 1582 1433 Seguinus
1609 1357 1786 1416 dieta
1812 1356 2271 1428 observabunt,
2314 1365 2382 1417 et
2422 1358 2728 1434 quicquid
2768 1364 3028 1436 propter
3056 1356 3305 1419 factum
3330 1357 3617 1419 Castelli-

1163 1454 1313 1514 novi
1356 1473 1575 1530 guerre
1618 1452 1968 1525 obvenerit,
2016 1474 2284 1514 comune
2326 1454 2651 1516 adiuvabo
2695 1474 2894 1532 usque
2921 1455 3007 1515 ad
3037 1455 3245 1515 finem.
3331 1455 3469 1534 Ego
3506 1456 3616 1516 In-

1164 1569 1488 1626 gerramus
1531 1548 1701 1610 Vult.
1749 1556 2039 1629 potestas
2082 1553 2391 1630 promitto
2448 1571 2563 1612 vos
2618 1552 2925 1612 adiuvare
2979 1553 3147 1612 siout
3202 1551 3373 1612 Vult.
3425 1553 3612 1612 cives.

1163 1650 1305 1705 Aet.
1354 1666 1549 1725 prope
1590 1647 1887 1708 Cecinam
1932 1648 1997 1707 in
2043 1646 2349 1708 Albareto
2379 1652 2442 1722 ¹).
2516 1648 2764 1709 Uberto
2790 1649 2895 1727 qd.
2928 1648 3171 1710 Parisii.
3204 1649 3624 1710 Borricovero

1163 1743 1272 1822 qd.
1319 1744 1643 1806 Bacarelli.
1690 1743 2030 1805 Salamone
2072 1747 2153 1805 de
2197 1745 2711 1823 Ripamaranoia.
2755 1745 3066 1807 Seraeeno
3107 1746 3388 1807 Rolandi
3426 1753 3507 1806 tt.

2645 1933 3046 2006 Pomarance‚
3089 1934 3169 1995 29
3209 1934 3400 2012 April
3439 1934 3618 1995 1210.

1290 2030 1525 2092 Postea
1564 2032 1785 2092 eodem
1831 2033 1933 2092 die
2040 2033 2212 2110 apud
2255 2032 2821 2110 Ripamaranoiam
2927 2032 3288 2111 Rugerinus
3329 2032 3622 2111 Tederigi

1169 2129 1407 2188 iuravit
1448 2130 1753 2207 predicta.

2285 2264 2598 2337 Roncolla,
2644 2263 2726 2324 30
2766 2264 2960 2341 April
2999 2263 3135 2323 und
3174 2264 3211 2323 1
3255 2263 3403 2325 Mai
3442 2264 3622 2325 1210.

1292 2359 1599 2438 Sequenti
1661 2360 1765 2421 die
1831 2362 2001 2440 apud
2066 2361 2354 2422 Mentem
2397 2362 2653 2422 Rodulfi
2758 2361 3124 2423 Castillione
3172 2362 3335 2441 qd.[
3355 2408 3505 2423 .....
3526 2363 3624 2443 ]’)

1173 2460 1311 2519 iuro
1354 2459 1473 2519 tibi
1516 2460 1929 2520 Borrioovero
1970 2460 2076 2538 qd.
2124 2460 2434 2520 Bacarelli
2477 2480 2593 2538 pro
2633 2460 2806 2520 Vult.
2852 2460 3128 2532 comuni,
3171 2462 3346 2537 quod
3387 2460 3623 2522 faciam

1174 2558 1287 2628 ita,
1332 2558 1505 2635 quod
1550 2558 1887 2618 Rainerius
1929 2568 1996 2619 et
2039 2558 2459 2619 Gottofredus
2502 2557 2941 2619 observabunt
2980 2558 3172 2618 dieta.
3257 2557 3406 2619 Kal.
3451 2558 3620 2620 mad.

1175 2657 1242 2715 in
1282 2656 1430 2715 ecel.
1476 2675 1521 2715 S.
1566 2655 1831 2717 Lazzari
1856 2659 1901 2732 ⁸)
1992 2657 2372 2738 Paganellus
2401 2656 2441 2716 f.
2475 2656 2778 2716 Guidcoti
2819 2657 2958 2717 Soti
2989 2656 3228 2717 iuravit
3254 2658 3636 2735 Ingerramo

1171 2756 1483 2831 potestati
1524 2756 1690 2814 sicut
1730 2762 1932 2834 pater.
2016 2754 2413 2816 Isimbardus
2455 2775 2506 2814 s,
2551 2756 2697 2831 imp.
2744 2759 2876 2814 not.

1496 2854 1755 2913 Florem
1798 2853 1947 2914 ASt.
1997 2855 2180 2929 (Volt.
2226 2854 2389 2913 1210
2429 2854 2524 2915 JV
2574 2854 2671 2925 29,
2714 2873 2776 2913 n.
2821 2852 2965 2929 109>
3008 2852 3177 2929 Oriq.

1174 3049 1310 3109 294.
2616 3047 2946 3123 (Florenz),
2990 3046 3031 3105 5
3070 3046 3405 3107 November
3445 3046 3623 3108 1210.

1297 3143 1692 3207 Ildebran
1711 3146 1857 3206 dus
1913 3166 2012 3225 ep.
2057 3146 2229 3207 Vult.
2276 3147 2514 3224 recepit
2559 3144 2856 3205 XXVIII
2903 3164 3097 3206 mare.
3142 3163 3275 3223 arg.
3324 3144 3407 3206 ad
3461 3165 3626 3206 mar·

1176 3262 1315 3303 cam
1362 3244 1619 3304 Colonie
1660 3242 1745 3303 ab
1789 3244 2105 3305 Uber-tino
2146 3243 2188 3302 f.
2232 3243 2544 3304 Gnidonis
2594 3242 2674 3303 de
2715 3243 3040 3303 Florentia
3098 3260 3245 3302 oum
3304 3243 3640 3303 adimento

1177 3340 1271 3402 VI
1301 3360 1494 3401 marc.
1527 3342 1784 3402 nomine
1813 3342 1970 3402 lucri
1998 3361 2106 3402 seu
2139 3342 2367 3413 meriti,
2414 3341 2750 3401 solvendas
2779 3340 2863 3400 ad
2890 3340 3016 3401 kal.
3054 3341 3178 3400 ian.
3188 3361 3202 3412 ;
3237 3358 3400 3419 pena
3427 3339 3626 3417 dupli.

1179 3438 1510 3518 Obligavit
1549 3446 1618 3500 et
1658 3439 1928 3501 tradidit
1969 3439 2286 3500 Ubertino
2328 3440 2567 3499 mulam
2613 3441 2879 3518 nigram,
2931 3436 3172 3499 mulam
3216 3437 3451 3509 albam,
3487 3456 3635 3498 ron-

1178 3535 1438 3596 ohinum
1483 3537 1771 3615 magistri
1812 3536 2090 3608 Viviani,
2135 3535 2512 3596 ronchinum
2567 3534 2935 3606 Macehetti,
2982 3533 3360 3594 ronchinum
3416 3532 3631 3594 Gaeia-

1180 3632 1389 3712 guide,
1433 3633 1812 3693 ronchinum
1855 3632 1913 3712 [.
1934 3683 1944 3693 .
1967 3634 2010 3713 .]
2031 3632 2278 3694 ialdetti
2306 3636 2386 3707 ⁴)‚.
2417 3631 2794 3692 ronchinum
2825 3630 3223 3701 Benettonis‚
3253 3629 3632 3691 ronchinum

1183 3731 1495 3801 Forensis,
1538 3731 1918 3792 ronchinum
1960 3730 2148 3791 Rossi
2191 3730 2523 3803 butt-ilieri‚
2565 3729 2942 3790 ronchinum
2973 3729 3430 3808 Franginungi‚
3458 3728 3635 3806 pala·

1182 3828 1434 3890 fredum
1476 3834 1543 3888 et·
1585 3829 1962 3889 ronchinum
2011 3829 2295 3889 Rainerii
2334 3828 2414 3888 de
2457 3828 2732 3899 PetroiO,
2776 3828 2938 3888 duos
2967 3846 3164 3905 equos
3205 3826 3231 3905 [
3238 3871 3386 3887 .....
3392 3827 3417 3906 ]
3441 3829 3488 3901 ⁴)
3533 3844 3636 3886 ca-

1185 3927 1414 3998 nonieI,
1445 3946 1682 4004 equum
1725 3933 1792 3987 et
1835 3927 2079 3987 mulum
2122 3925 2368 3986 Albithi
2410 3926 2657 3998 iudicis,
2713 3925 3109 3996 ronchinum,
3168 3924 3516 3984 somarium
3568 3926 3634 3981 et

1185 4024 1429 4085 mulum
1474 4024 1775 4085 Rainolfi.
1818 4024 2122 4085 Albithus
2176 4024 2368 4085 iudex
2431 4025 2723 4103 promisit
2786 4044 2866 4085 ea
2922 4023 3256 4083 restituere
3298 4014 3648 4081 Ubertino..

1181 4122 1436 4193 MCCX,
1483 4123 1610 4183 ind.
1657 4122 1790 4182 XII
1819 4125 1886 4199 ὃ),
1932 4124 2115 4183 nonis
2159 4141 2306 4181 nov.
2392 4121 2768 4182 Guilielmus
2812 4128 2940 4181 not.

1500 4220 1703 4280 Insert
1746 4221 1813 4279 in
1857 4240 1916 4279 n.
1961 4218 2084 4279 338
2127 4219 2452 4297 (Amzuq).

1326 4434 1364 4499 ¹)
1402 4436 1567 4485 Nichc
1604 4435 1977 4491 mrhweistam
2020 4434 2150 4483 wohl
2187 4435 2269 4485 cei
2307 4434 2714 4491 Monfecastelli,
2755 4448 2832 4482 wo
2868 4432 2989 4482 haut
3027 4433 3119 4482 ein
3160 4430 3335 4481 canale
3371 4429 3640 4478 Famam.

1178 4526 1431 4576 Alterelli
1466 4527 1551 4577 ist.
1717 4526 1759 4587 ²³)
1798 4525 1982 4574 Leerer
2018 4524 2213 4574 Raum.
2380 4523 2422 4585 3)
2462 4523 2638 4587 Bor-90
2676 4526 2795 4573 San
2830 4523 3063 4572 Lazzaro
3096 4519 3354 4570 zwisalten
3396 4517 3633 4567 Volrerra

1180 4615 1297 4665 und
1330 4614 1610 4664 Romolla.
1804 4615 1847 4677 ⁴)
1886 4613 2082 4663 Locha·
2119 4615 2196 4663 im
2235 4614 2569 4674 Pcvqament.
2771 4609 2815 4674 ε’)
2852 4609 3188 4669 Febr-erhusto
3223 4608 3345 4657 odor
3381 4604 3655 4656 romische.

1184 4703 1481 4753 Indikz’ion.
