4000 5700
1030 521 1476 578 REGESTUM
1510 522 2204 578 VOLATERRANUM
2743 527 2847 581 133

385 719 522 781 376.
1996 720 2296 792 Volterra,
2331 720 2409 781 21
2450 720 2618 781 Jum'
2661 722 2843 784 1219.

505 816 943 895 Bomparente
987 815 1337 889 Bonefidei,
1383 817 1682 878 Ruffolus
1736 817 2079 890 Guichieri‚
2135 815 2412 879 Strenua
2468 815 2839 891 Salimanni‚

385 914 707 976 Gerardus
745 914 975 986 Ciacci,
1022 914 1312 976 Ventura
1352 914 1566 986 Follis,
1625 916 1934 976 Fornaius
1990 914 2279 977 Aldizelli
2336 916 2716 978 iuraverunt
2763 918 2845 978 de

382 1012 692 1074 electione
716 1012 1000 1073 Danielis
1028 1013 1253 1074 sindici
1284 1014 1654 1075 comunis
1683 1013 1897 1075 Vult.
1921 1020 1990 1075 et
2018 1013 2100 1074 de
2128 1013 2446 1084 omnibus,
2490 1032 2568 1074 ex
2612 1014 2845 1094 quibus

386 1109 796 1171 Ildibrandus
818 1129 956 1171 can.
981 1109 1154 1171 Vult.
1185 1109 1518 1189 delegatus
1541 1130 1707 1189 pape
1735 1129 1843 1175 eos
1869 1111 2231 1189 inquisierit
2252 1109 2332 1169 de
2353 1111 2490 1171 eius
2511 1111 2843 1185 electione,

385 1206 562 1287 quod
602 1227 684 1268 ex
713 1207 1024 1269 mandato
1051 1206 1386 1268 consulum
1414 1207 1744 1288 elegerunt
1770 1206 1933 1268 duos
1961 1206 2342 1267 clamatores
2369 1206 2454 1266 ad
2482 1206 2844 1286 eligendum

387 1304 685 1367 officiales
726 1304 1060 1366 consulum
1105 1310 1171 1366 et
1210 1303 1334 1382 ipsi
1374 1312 1601 1383 postea
1630 1305 1929 1366 officiales
1955 1312 2024 1366 et
2050 1303 2385 1365 Danielem
2415 1305 2482 1366 in
2508 1306 2755 1365 sindicu
2766 1325 2843 1365 m.

386 1401 529 1462 Act.
575 1401 751 1463 Vult.
804 1404 872 1463 in
919 1402 1198 1462 claustro
1255 1403 1557 1463 canonice
1611 1422 1659 1462 s.
1718 1403 1914 1463 Marie
2024 1420 2186 1489 pres.
2244 1402 2553 1481 magistro
2609 1402 2846 1463 Iacobo

385 1499 769 1578 archipresb.
814 1499 1125 1579 Magistro
1166 1500 1422 1561 Mitidio
1462 1520 1603 1562 can.
1634 1498 1809 1562 Vult.
1839 1499 2178 1561 Leonardo
2219 1499 2460 1560 clerico,
2506 1500 2847 1562 Vincentio

383 1601 522 1657 not.
568 1597 901 1677 Aringerio
928 1596 1258 1658 Maczuoli.
1343 1595 1800 1671 MCCXVIIIL
1833 1597 1966 1658 ind.
1995 1596 2146 1671 VII,
2182 1596 2280 1657 XI
2309 1596 2437 1657 kal.
2470 1597 2579 1657 iul.
2673 1596 2845 1658 Don-

384 1695 579 1755 zellus
620 1696 815 1756 iudex
856 1696 990 1756 ord.
1034 1702 1101 1756 et
1144 1701 1279 1756 not.

708 1792 974 1853 Florenz
1014 1791 1169 1854 Ast.
1223 1793 1416 1869 (Volt.
1459 1813 1523 1853 n.
1552 1792 1697 1868 188)
1741 1792 1915 1870 Oriq.

389 1954 529 2017 377.
1825 1953 2121 2026 Volterra,
2164 1954 2246 2015 26
2285 1953 2622 2015 November
2661 1954 2842 2015 1219.

508 2051 779 2122 Barone,
826 2051 1171 2133 Galganus,
1230 2052 1670 2114 Bonafidanza
1732 2051 2116 2114 consules
2178 2051 2393 2112 Vult.
2450 2052 2530 2111 de
2584 2051 2846 2114 consilio

391 2149 793 2223 Bonaccorsi,
829 2150 1126 2223 Rolandi‚
1159 2150 1468 2229 Rugerini
1497 2168 1758 2212 suorum
1787 2148 2305 2222 consiliariorum,
2331 2145 2400 2207 II
2421 2149 2845 2226 provisorum,

388 2246 459 2307 II
501 2248 832 2310 consulum
879 2253 1306 2308 mercatorum
1349 2247 1826 2307 constituerunt
1867 2245 2212 2307 Strennam
2245 2245 2587 2306 Burasselli
2622 2263 2845 2324 procu-

389 2353 668 2405 ratorem
714 2344 796 2405 ad
838 2364 1099 2405 causam
1143 2344 1460 2424 agendam
1501 2363 1647 2404 cum
1703 2344 1943 2423 Ugerio
1998 2342 2366 2403 Pannochie
2419 2362 2636 2403 coram
2682 2342 2844 2419 (Flo-

389 2446 701 2518 renzetto)
745 2442 1073 2522 preposito
1112 2442 1440 2505 Casulensi
1478 2448 1549 2503 et
1587 2444 1796 2522 priore
1837 2444 1919 2504 de
1973 2442 2251 2502 Monteri
2307 2441 2623 2503 iudicibus
2677 2461 2848 2520 pape

388 2537 715 2621 delegatis.
787 2541 932 2601 Act.
965 2540 1139 2601 Vult.
1171 2542 1355 2601 iuxta
1384 2540 1534 2601 eccl.
1564 2560 1610 2599 e.
1656 2539 1855 2600 Mario
1931 2559 2094 2618 preS.
2125 2537 2454 2599 Marchese
2479 2539 2844 2600 Crescentii.

390 2638 643 2699 Barone
686 2639 862 2700 Pere.
908 2638 1329 2717 Bonensegna
1359 2637 1795 2699 Riccomanni.
1883 2634 2341 2709 MCCXVIIII,
2374 2634 2503 2696 iud.
2534 2635 2720 2709 VIII,
2753 2636 2846 2696 VI

388 2736 515 2796 kal.
558 2736 696 2798 dec.
783 2736 1122 2799 Donzellus
1166 2735 1358 2796 iudex
1401 2737 1535 2796 ord.
1581 2744 1647 2796 et
1688 2743 1823 2795 not.

709 2833 974 2895 Florenz
1019 2833 1169 2896 Ast.
1220 2832 1412 2911 (Volt.
1458 2852 1518 2893 π.
1550 2832 1693 2909 191)
1725 2831 1899 2910 Oriq.

392 2960 530 3056 378.
1974 2992 2155 3065 Pisa,
2193 2990 2275 3052 19
2299 2992 2624 3053 December
2664 2991 2846 3053 1219.

513 3091 741 3155 Daniel
782 3093 1065 3154 sindicus
1091 3094 1382 3153 comunis
1408 3089 1585 3152 Vult.
1617 3109 1833 3151 coram
1863 3091 2171 3169 magistro
2200 3088 2497 3152 Bandino
2524 3109 2665 3150 can.
2699 3090 2847 3162 Pis„
2921 3094 2938 3103 ‘

389 3191 687 3270 delegato
726 3191 958 3252 Vitalis
1001 3191 1128 3251 Pis.
1172 3189 1448 3268 archiep.
1491 3188 1769 3269 delegati
1809 3206 1995 3267 pape,
2042 3194 2111 3249 et
2153 3187 2419 3250 Sofredo
2460 3207 2601 3249 can.
2633 3188 2757 3249 Pis.
2782 3195 2849 3249 et

390 3286 780 3350 Ildebrando
821 3309 958 3350 can.
1004 3288 1177 3351 Vult.
1222 3286 1654 3365 condelegatis
1677 3286 1748 3347 in
1787 3305 1982 3347 causa
2023 3286 2393 3346 comunis
2449 3285 2502 3345 V
2523 3291 2657 3346 ult.
2699 3304 2848 3347 cum

390 3385 661 3461 Eamne,
705 3388 1089 3467 Arringerio‚
1135 3384 1400 3457 Plaoito,
1444 3389 1846 3463 protestatus
1873 3391 1992 3449 est.
2027 3384 2203 3464 quod
2236 3389 2504 3463 paratus
2531 3394 2672 3445 erat
2699 3403 2844 3462 pro·

391 3496 545 3557 bare
564 3496 630 3554 in
659 3495 1017 3555 continenti
1036 3511 1150 3570 per
1169 3497 1390 3562 testes,
1412 3496 1764 3568 antequam
1791 3489 1997 3549 exiret
2026 3488 2224 3560 Pisas,
2254 3488 2428 3568 quod
2450 3494 2551 3548 est
2568 3488 2849 3550 sindicus

389 3593 567 3656 Vult.
653 3591 1046 3652 Protestatio
1097 3589 1274 3649 facta
1328 3589 1490 3649 Pisis
1545 3589 1611 3647 in
1667 3586 1817 3648 eccl.
1874 3606 1924 3647 s,
1968 3586 2169 3647 Mario
2223 3588 2479 3645 maioris
2533 3587 2600 3646 in
2654 3585 2849 3647 choro

390 3712 440 3754 s.
486 3690 712 3753 Evithi
792 3692 857 3750 in
912 3707 1076 3767 pres,
1121 3686 1389 3765 Henrigi
1438 3692 1575 3746 not.
1618 3685 1728 3764 qd.
1775 3684 2159 3745 Montanini.
2202 3682 2506 3743 Lanberti
2551 3683 2634 3743 de
2679 3682 2849 3745 Valli

388 3791 473 3852 de
512 3787 924 3867 Garfagnana
963 3785 1073 3864 qd.
1110 3784 1455 3863 Conpagni.
1489 3782 1802 3842 Bernardi
1830 3781 2043 3843 Fazeli
2071 3781 2435 3859 iurisperiti.
2521 3780 2844 3851 MCCXX,

389 3889 521 3950 ind.
565 3886 715 3953 VII,
760 3885 969 3946 XIIII
1011 3884 1137 3945 kal.
1182 3884 1309 3944 ian.
1396 3882 1624 3942 Petrus
1664 3881 1773 3960 qd.
1802 3880 1981 3940 Fidei
2014 3879 2274 3941 Ottonis
2304 3880 2457 3958 imp.
2488 3879 2680 3940 iudex
2709 3879 2847 3941 ord.

390 3994 456 4049 et
497 3992 633 4048 non·
709 4083 973 4144 Florem
1015 4080 1167 4141 ASt.
1216 4079 1405 4154 ἔνθα·
1436 4077 1596 4140 1225
1633 4077 1727 4139 VI
1754 4076 1853 4151 28³
1884 4096 1945 4136 π’
1976 4076 2121 4151 202)
2154 4075 2324 4153 Θήρ.

393 4256 530 4319 379.
1462 4247 1685 4309 Οαεοῑε
1735 4245 1854 4308 Vae
1893 4245 2136 4311 d’Elsa.
2181 4244 2263 4305 23
2301 4244 2625 4305 Dezember
2665 4241 2846 4304 1219.

512 4351 1006 4428 F(lorenzettus)
1049 4349 1411 4427 prepositus
1452 4345 1812 4407 Casulensis
1852 4349 1920 4405 et
1977 4342 2345 4419 Wesconte)
2399 4340 2591 4403 Collis
2646 4339 2847 4400 archi-

390 4449 597 4530 presb.
641 4451 704 4509 in
750 4467 944 4509 causa
985 4446 1271 4526 Gregorii
1310 4444 1418 4525 qd.
1464 4444 1750 4522 Gregorii
1789 4441 1870 4503 de
1912 4441 2152 4504 Sancto
2193 4439 2572 4502 Geminiano
2621 4444 2846 4499 contra

388 4566 726 4610 comune
767 4546 984 4607 Vult.
1028 4544 1268 4605 iudices
1311 4563 1350 4604 a
1391 4562 1562 4621 papa
1602 4540 1881 4620 delegati
1909 4542 1955 4616 ¹)
1996 4546 2259 4619 petente
2298 4538 2599 4617 Gregorio
2640 4557 2680 4597 a
2724 4536 2848 4596 Bo·

535 4753 575 4813 ¹)
614 4750 771 4800 Sidae
808 4764 863 4799 n.
904 4751 1025 4800 375.
