4000 5700
1150 494 1597 551 REGESTUM
1634 494 2319 551 VOLATERRANUM
2862 495 2965 552 187

508 694 643 756 538.
2137 692 2423 766 Florem,
2467 691 2547 754 31
2588 693 2668 754 M
2670 713 2736 752 αι
2780 691 2961 755 1236.

626 792 976 853 Consilium
1019 792 1310 871 generale
1351 791 1519 852 Flor.
1565 793 1822 865 statuit,
1867 791 2044 871 quod
2098 796 2389 870 potestas
2444 791 2758 871 precipiat
2811 810 2962 870 que·

507 891 657 952 dam
699 891 824 952 illis
863 891 945 951 de
986 890 1294 953 Sancto
1336 888 1829 951 Geminiano
1869 896 1935 952 et
1977 890 2058 951 de
2104 890 2319 950 Vult.

828 986 1089 1049 Florenz
1133 985 1284 1048 Ast.
1333 986 1523 1062 (Volt.
1567 1006 1631 1047 n.
1674 986 1820 1065 399)
1866 987 2040 1065 Oriq.
2125 985 2242 1048 E'd.
2284 986 2545 1048 Scantini
2585 986 2735 1047 Doc.
2784 987 2922 1048 421.

508 1184 645 1243 539.
2144 1181 2427 1251 Florem,
2471 1180 2552 1242 15
2590 1182 2742 1243 Juli
2782 1181 2963 1243 1236.

625 1280 955 1353 Quattuor
995 1280 1167 1340 cives
1210 1278 1376 1341 Flor.
1420 1281 1815 1360 promittunt
1859 1281 2098 1341 vicario
2153 1281 2501 1359 potestatis
2556 1279 2720 1340 Flor.
2764 1299 2830 1340 se
2873 1300 2961 1340 re-

506 1380 779 1458 quisitos
834 1378 1103 1439 daturos
1158 1397 1294 1437 esse
1336 1378 1589 1439 obsides
1644 1379 1934 1438 comunis
1990 1377 2278 1439 Sancti
2338 1376 2808 1439 Geminiani
2849 1397 2964 1438 nec

510 1478 944 1556 permissuros,
990 1481 1066 1536 ut
1108 1495 1148 1535 a
1190 1475 1355 1537 Flor.
1398 1475 1674 1564 fugiant.

826 1573 1092 1634 Florem
1138 1572 1289 1634 Ast.
1337 1572 1529 1649 (Volt.
1577 1592 1640 1633 n.
1684 1573 1828 1651 401)
1874 1573 2048 1650 Oriq.
2134 1572 2254 1634 Ed.
2297 1573 2559 1635 Scantini
2603 1572 2750 1636 Doc.
2797 1573 2935 1635 422.

506 1771 640 1828 540.
2080 1768 2444 1839 Florenz,1
2490 1767 2741 1847 Auyust
2780 1768 2960 1830 1236.

627 1865 926 1950 Potestas
979 1871 1046 1927 et
1101 1866 1437 1926 consilium
1495 1865 1547 1925 F
1547 1867 1662 1929 lor
1722 1871 2046 1939 statuunt,
2106 1865 2283 1944 quod
2337 1867 2638 1928 comunia
2675 1865 2963 1928 Sancti

506 1964 970 2049 Geminiani
1013 1972 1080 2024 et
1124 1962 1341 2024 Vult.
1386 1963 1507 2024 sibi
1551 1962 1710 2025 dent
1753 1963 2033 2042 quedam
2087 1969 2324 2036 castra,
2381 1972 2451 2025 et
2492 1970 2786 2044 potestas
2840 1962 2961 2024 hoc

506 2062 1036 2125 ambaxatoribus
1077 2061 1141 2123 S.
1186 2064 1366 2124 Gem.
1411 2063 1701 2143 precipit.

824 2159 1089 2221 Florem
1133 2159 1284 2220 Ast.
1332 2158 1521 2235 (Volt.
1566 2179 1631 2220 n.
1676 2160 1820 2238 402)
1864 2159 2036 2237 Oriq.
2121 2160 2240 2221 Ed.
2283 2160 2544 2222 Sontini
2585 2160 2735 2223 Doc.
2781 2162 2919 2223 423.

508 2360 641 2417 541.
2058 2356 2321 2434 Pietoja,
2367 2355 2446 2416 14
2491 2355 2741 2433 Auyuet
2779 2355 2961 2418 1236.

628 2455 1037 2515 Protestatur
1078 2452 1509 2515 Bontalentus
1552 2460 1928 2532 procurator
1968 2454 2260 2514 comunis
2299 2453 2478 2515 Vult.
2524 2472 2737 2515 coram
2781 2453 2963 2516 vobis

515 2553 821 2632 magistro
860 2551 1119 2612 Meliore
1162 2550 1570 2631 archipresb„
1618 2552 1925 2630 magistro
1968 2552 2220 2612 Barone
2275 2552 2483 2630 priore
2538 2572 2586 2612 s.
2633 2551 2962 2626 Iohannis,

509 2650 746 2712 Iacobo
788 2669 928 2711 can.
974 2651 1205 2710 Pistor.
1252 2670 1318 2710 se
1361 2650 1520 2711 velle
1563 2655 1782 2724 testes,
1814 2650 1926 2729 qui
1954 2649 2351 2711 inducuntur
2381 2668 2419 2710 a
2451 2651 2831 2731 (Pagano)
2860 2672 2960 2732 ep.

510 2749 683 2811 Vult.
728 2769 943 2811 coram
988 2748 1173 2810 vobis
1214 2769 1404 2828 super
1432 2748 1717 2810 articulis
1750 2749 1931 2810 vobis
1960 2751 2272 2828 expressis
2302 2749 2387 2810 ab
2416 2750 2664 2812 Octone
2692 2750 2863 2811 card.
2896 2753 2959 2828 ¹),

446 2842 455 2851 ’
507 2848 698 2928 recipi
739 2848 875 2907 sine
918 2845 1265 2926 preiudicio
1306 2847 1596 2907 comunis
1642 2846 1739 2907 vel
1796 2848 2050 2926 private
2106 2866 2392 2927 persone.
2503 2847 2648 2909 Act.
2707 2848 2961 2910 Pistorii

510 2948 572 3006 in
614 2946 763 3006 eccl.
806 2944 1010 3025 plebis
1052 2965 1101 3005 s.
1149 2945 1398 3005 Andree
1502 2965 1662 3024 pres,
1711 2944 2046 3026 Agolantis
2089 2944 2346 3007 Tedicii.
2406 2945 2768 3007 Bartromei
2817 2945 2961 3007 Bol-

508 3043 740 3122 garelli.
789 3044 1145 3105 Bartromei
1187 3043 1269 3103 de
1314 3044 1470 3104 Bue.
1558 3042 2034 3116 MCCVXXVI,
2094 3045 2225 3105 incl.
2273 3044 2458 3118 VIII,
2518 3043 2790 3107 XVIIII
2831 3045 2959 3106 kal.

507 3148 668 3220 sept.
755 3140 1171 3203 Braciafortis
1214 3161 1263 3200 s.
1309 3139 1434 3219 pal.
1480 3147 1612 3200 not.

827 3239 1091 3301 Florenz
1133 3239 1285 3301 Ast.
1334 3237 1522 3315 (Volt.
1567 3260 1630 3300 n.
1676 3240 1819 3316 404)
1863 3241 2036 3318 Oriq.

509 3438 647 3497 542.
1901 3436 2324 3514 Montiynoso,
2368 3438 2450 3499 25
2490 3439 2740 3515 Auquct
2778 3439 2958 3501 1236.

628 3534 834 3596 Iudex
877 3535 1168 3596 comunis
1209 3533 1496 3595 Sancti
1552 3533 2016 3596 Geminiani
2073 3534 2389 3597 sindicum
2448 3537 2739 3598 comunis
2792 3536 2998 3598 Flor.-

507 3634 568 3692 in
603 3634 1060 3712 possessionem
1091 3633 1283 3693 castri
1314 3632 1772 3694 Montistiniosi
1815 3635 2018 3711 ponit,
2052 3633 2162 3713 qui
2190 3632 2310 3694 hoc
2337 3637 2651 3714 potestati
2680 3636 2955 3696 nuntiat.

826 3731 1087 3792 Florenz
1131 3732 1282 3793 Ast.
1331 3731 1422 3807 (S.
1471 3731 1662 3808 Gim.)
1705 3733 1850 3792 zwei
1889 3731 2093 3810 Copp.
2137 3752 2187 3793 8.
2231 3732 2441 3793 XIII.
2539 3733 2658 3794 Ed.
2702 3733 2960 3796 Santini

824 3830 972 3891 Doc.
1016 3829 1154 3891 424.
1198 3829 1336 3891 426.

511 4025 646 4086 543.
1809 4027 2099 4096 Volua-ra,
2142 4026 2203 4086 1·
2212 4027 2270 4088 4.
2318 4028 2355 4088 7
2393 4025 2741 4106 September
2778 4028 2958 4090 1236.

628 4122 941 4184 Homines
1004 4123 1243 4185 Montis
1299 4122 1553 4185 Vultrai
1607 4125 2017 4186 constituunt
2070 4131 2550 4203 procuratorem
2605 4126 2691 4187 ad
2751 4133 2956 4204 prote·

507 4220 813 4282 standum
854 4239 1069 4282 coram
1110 4226 1459 4298 potestate,
1503 4221 1783 4294 consilio,
1829 4226 2090 4283 comuni
2143 4221 2309 4284 Flor.
2367 4242 2434 4284 se
2490 4222 2651 4284 velle
2706 4222 2961 4284 subesse

511 4316 1057 4380 Vulterranis.

826 4415 1085 4477 morem
1130 4415 1279 4477 Ast.
1328 4415 1516 4494 (Voce.
1562 4417 1722 4478 1236
1765 4416 1869 4477 lx
1911 4417 1967 4488 1,
2008 4437 2076 4479 n.
2122 4418 2266 4496 411)
2297 4417 2469 4496 οπερ.
2553 4417 2672 4480 Ed.
2703 4418 2963 4481 Sanam:

827 4513 978 4575 Doo.
1023 4514 1164 4576 427.

655 4720 695 4784 ¹)
734 4722 948 4771 otton·
984 4719 1237 4772 Candido
1275 4735 1318 4774 s.
1347 4718 1566 4773 Nicolai
1592 4723 1651 4773 in
1677 4724 1908 4775 carcere
1933 4723 2194 4774 'rumano
2219 4707 2363 4775 ἀίω.
2391 4722 2562 4785 md„
2589 4726 2732 4778 0601ae
2755 4743 2810 4779 n.
2839 4730 2960 4780 532.
