4000 5700
1011 563 1016 566 .
1111 514 1145 564 8
1760 513 2202 567 REGESTUM
2245 514 2928 570 VOLATERRANUM

1110 729 1261 770 casa
1300 714 1369 769 et
1410 728 1509 770 res
1550 711 1662 787 qui
1703 717 1803 769 eet
1857 710 1950 788 [in
1994 710 2198 771 1000..
2244 718 2310 770 et
2353 712 2555 791 reeta]
2596 711 2724 773 fuit
2759 732 2871 791 per
2896 713 3350 793 Teudiprando
3377 734 3566 777 maes.

1111 809 1208 887 [et
1260 807 1414 887 alia]
1469 808 1536 867 in
1591 826 1639 867 8.
1684 808 1921 886 Magno
1963 826 2078 886 pro
2119 827 2268 869 ann.
2321 828 2494 886 pene.
2539 809 2675 870 XII
2718 810 2862 871 den.
2909 810 2971 871 b.
3016 831 3166 889 exp.
3208 812 3417 890 qualis
3457 833 3572 890 per

1112 914 1312 984 temp.
1351 905 1509 984 0.[..
1534 906 1592 985 .].
1680 906 1850 965 Boeo
1892 925 1990 985 ep.
2036 926 2116 966 88.
2148 906 2238 985 [S.
2285 907 2401 987 m.]
2440 907 2786 968 Terentini.
2831 908 3201 970 Uuillerado
3244 910 3434 971 iudex
3477 931 3568 970 re-

1112 1022 1284 1081 gum.
1332 1002 1633 1063 Balduini
1674 1002 1954 1063 clericus,
1999 1003 2231 1064 Teutio
2271 1025 2353 1064 88.
2477 1005 2808 1066 Uuiniildo
2852 1009 3071 1082 not.¹).

1445 1099 1601 1162 Volt.
1649 1099 1885 1160 AVeec.
1928 1119 1976 1160 ε.
2023 1099 2088 1159 Χ
2128 1099 2250 1160 dec.
2294 1101 2332 1160 4
2373 1121 2437 1162 n.
2481 1101 2518 1161 1
2561 1101 2732 1178 Θήρ.

1110 1297 1209 1355 25.
2869 1297 3159 1367 Volcano,
3205 1299 3389 1360 Mc'z'rz
3430 1299 3568 1360 945.

1232 1392 1380 1471 Ugo
1420 1412 1532 1453 rex
1573 1413 1633 1453 8.
1678 1392 2100 1454 nonodecimo
2139 1401 2203 1453 et
2249 1393 2509 1454 lotario
2549 1393 2594 1454 f.
2639 1396 2774 1454 eius
2815 1415 2928 1456 rex
2968 1415 3028 1455 8.
3065 1396 3568 1474 quartodecimQ

1114 1491 1372 1562 marein,
1417 1491 1547 1552 ind.
1594 1492 1811 1551 tercia.
1898 1492 2108 1551 Boeo
2149 1491 2359 1552 Volot.
2402 1511 2504 1570 ep.
2550 1512 2662 1570 per
2702 1512 3079 1554 consensum
3120 1497 3571 1556 canonicorum

1111 1587 1420 1649 confirmo
1465 1589 1721 1649 Andrea
1762 1589 1971 1667 presb.
2016 1589 2061 1649 f.
2107 1589 2169 1649 b.
2215 1610 2298 1650 m.
2343 1589 2672 1650 Cuntrude
2698 1591 2849 1650 eecl.
2892 1611 2942 1652 8.
2991 1592 3226 1665 Quirici
3266 1600 3335 1654 et
3374 1613 3424 1653 8.
3471 1594 3569 1653 Io·

1114 1685 1397 1762 hemnis)
1442 1685 1699 1751 batiste.
1730 1688 1842 1765 qui
1870 1693 1968 1746 est
2010 1686 2193 1765 plebe
2235 1686 2592 1747 batismalis
2631 1688 2757 1747 sito
2798 1686 3033 1755 Silano,
3078 1696 3154 1749 ut
3196 1690 3424 1749 reddas
3458 1710 3569 1750 an-

1112 1803 1311 1844 nuam
1356 1803 1532 1862 pens,
1568 1803 1697 1861 arg.
1727 1784 1874 1844 den.
1908 1784 2176 1843 duodeci
2209 1783 2270 1844 b.
2304 1804 2449 1862 exp.
2483 1784 2692 1863 qualis
2723 1803 2835 1862 per
2865 1792 3061 1862 temp.
3097 1805 3178 1855 o.;
3213 1806 3358 1863 pen.
3389 1806 3569 1846 num.

1114 1899 1248 1959 arg.
1273 1880 1384 1940 sol.
1411 1881 1803 1959 quatrainta.
1891 1880 2265 1941 Act.v010t.
2354 1882 2522 1941 Boeo
2547 1902 2648 1959 ep.
2683 1881 2937 1941 Andrea
2967 1881 3174 1959 presb.
3201 1882 3574 1943 Radbertus

1115 1977 1318 2038 abbas
1361 1978 1710 2038 monachus
1751 1977 1963 2056 adque
2005 1978 2221 2038 levita.
2269 1979 2653 2039 Benedictus
2697 1979 2901 2057 presb.
2946 1988 3010 2039 et
3054 1999 3193 2039 ean.
3226 1978 3459 2039 Gundo
3489 1981 3575 2040 le-

1120 2077 1257 2136 vita
1298 2081 1365 2135 et
1407 2095 1547 2135 can.
1595 2076 1886 2135 Aurelius
1929 2075 2132 2135 levita
2171 2082 2238 2135 et
2278 2096 2417 2137 ean.
2462 2060 2790 2137 Grasolfus
2836 2077 3030 2137 levita
3068 2085 3134 2137 et·
3172 2097 3311 2137 can.
3345 2078 3574 2138 Petrus

1117 2172 1324 2251 presb.
1363 2179 1430 2233 et
1472 2193 1612 2234 ean.
1658 2174 1997 2235 Camerino
2041 2173 2324 2234 subdiac.
2369 2182 2435 2234 et·
2478 2194 2618 2234 ean.
2664 2195 2744 2235 88.
2793 2174 3153 2253 Flaipertus
3194 2182 3328 2235 not.
3375 2182 3456 2236 tt.
3489 2196 3571 2236 88.

1112 2270 1178 2332 S.
1225 2291 1308 2333 m.
1355 2271 1626 2333 Siufredi
1670 2272 1713 2332 f.
1745 2272 1804 2332 b.
1838 2293 1919 2332 m.
1965 2273 2114 2333 Vidi
2158 2279 2238 2332 tt.
2286 2271 2465 2333 Ildici
2507 2272 2552 2332 f.
2599 2272 2742 2333 Inni
2790 2280 2868 2333 tt.
2955 2274 3248 2333 Donatus
3293 2281 3423 2333 not.
3505 2338 3508 2341 Δ

1447 2369 1602 2430 Volt.
1651 2370 1703 2428 A
1724 2369 1887 2429 Veec.
1931 2389 1979 2429 8.
2027 2369 2090 2428 Χ
2133 2369 2253 2429 dec.
2298 2370 2336 2429 4
2378 2390 2439 2429 n.
2483 2370 2523 2430 2
2563 2370 2732 2446 Oriq.
2818 2369 2938 2430 Cit.
2991 2369 3245 2447 Uqhelli
3291 2370 3352 2429 *1
3390 2370 3570 2430 1430.

1112 2569 1212 2628 26.
2709 2565 3004 2636 Volterra,
3046 2565 3393 2642 September
3435 2566 3572 2626 946.

1235 2665 1381 2744 Ugo
1422 2684 1532 2725 rex
1576 2684 1632 2724 8.
1678 2664 1831 2733 XX,
1876 2663 2225 2724 Lotariof.
2269 2666 2404 2723 eius
2446 2664 2616 2724 idem
2666 2683 2774 2723 rex
2818 2682 2876 2722 8.
2923 2662 3067 2733 XV,
3112 2670 3293 2741 sept„
3342 2662 3449 2723 ind
3497 2662 3574 2723 V.

1120 2763 1327 2823 Boeo
1370 2762 1580 2823 Volot.
1612 2782 1709 2841 ep.
1741 2762 1848 2822 lib.
1882 2782 2053 2823 nom.
2079 2763 2261 2822 firmo
2293 2761 2739 2822 Raimbertof.
2772 2761 2834 2822 b.
2867 2781 2948 2821 m.
2973 2761 3375 2821 Tassimanni
3406 2768 3575 2822 terra

1115 2870 1177 2924 et
1227 2865 1416 2923 vinea
1458 2865 1523 2924 in
1567 2864 1705 2924 loco
1746 2865 1857 2941 qui
1900 2863 2021 2922 die.
2053 2863 2138 2923 ad
2164 2862 2471 2943 Cignan0‚
2501 2865 2895 2940 pertinentes
2924 2862 3070 2921 ecel.
3101 2881 3152 2920 8.
3183 2860 3423 2940 Iaeopi,
3462 2864 3572 2939 qui

985 3020 995 3029 ,
1113 2966 1216 3022 est
1255 2961 1336 3020 de
1377 2963 1771 3039 episcopatu,
1818 2981 1932 3039 pro
1975 2981 2150 3039 pens,
2195 2961 2515 3051 arg3den.
2563 2959 2792 3020 XVIII
2823 2960 2881 3020 b.
2913 2979 3055 3036 exp.
3086 2961 3196 3037 qui
3229 2979 3341 3037 per
3376 2968 3572 3037 temp.

1118 3079 1197 3131 0.;
1226 3078 1369 3137 pen.
1401 3078 1529 3137 arg.
1563 3059 1676 3118 801.
1708 3065 1988 3119 eentum.
2076 3061 2215 3119 Act.
2248 3059 2458 3119 Volet.
2546 3058 2715 3118 Boso
2742 3077 2842 3135 ep.
2874 3077 2952 3117 88.
2985 3056 3044 3116 S.
3070 3077 3153 3116 m.
3189 3056 3573 3117 Raimberti.

1117 3156 1416 3217 Balduini
1461 3155 1621 3215 diae.
1668 3162 1748 3215 tt.
1791 3176 1874 3216 88.
1918 3156 1983 3217 S.
2030 3176 2113 3216 m.
2161 3156 2469 3216 Everardi
2511 3156 2556 3216 f.
2589 3156 2648 3216 b.
2683 3174 2765 3214 m.
2813 3152 3258 3232 Raimburghi.
3307 3153 3569 3233 Hingal-

1116 3253 1290 3314 baldi
1332 3252 1376 3314 f.
1410 3253 1472 3315 b.
1506 3273 1587 3313 m.
1619 3252 1955 3313 Kamarini
1998 3253 2281 3327 eler(iei).
2328 3253 2587 3314 Berardi
2617 3252 2662 3312 f.
2691 3251 2960 3311 Andree.
3047 3250 3331 3311 Berardo
3362 3258 3490 3310 not.

1446 3352 1602 3415 Volt.
1648 3352 1885 3422 AVesc.
1929 3371 1975 3410 8.
2024 3351 2089 3411 X
2130 3351 2251 3412 dec.
2297 3352 2335 3411 4
2377 3372 2437 3411 n.
2482 3351 2523 3411 3
2564 3350 2736 3426 Oriq.

1114 3545 1213 3606 27.
2871 3543 3164 3613 Volterra‚
3211 3542 3394 3602 Mc'irz
3435 3541 3575 3602 947.

1235 3644 1379 3720 Ugo
1420 3662 1530 3703 rex
1573 3664 1631 3704 8.
1679 3643 1846 3703 XXI
1889 3650 1955 3703 et
1998 3642 2307 3703 Lothario
2347 3641 2393 3702 f.
2437 3644 2572 3703 eius
2615 3640 2784 3702 idem
2827 3662 2937 3702 rex
2981 3661 3039 3701 8.
3087 3639 3267 3710 XVI,
3315 3640 3572 3710 marein,

1120 3741 1247 3801 ind.
1305 3742 1381 3802 V.
1479 3741 1854 3802 Comutaoio
1907 3743 2076 3801 inter
2139 3740 2349 3800 Βο8ο
2409 3739 2702 3817 pontifex
2758 3740 2969 3801 Volot.
3029 3757 3274 3797 necnon
3340 3735 3574 3796 Rain-

1118 3839 1362 3900 baldo
1403 3838 1448 3899 f.
1497 3839 1557 3900 b.
1603 3860 1686 3899 m.
1734 3839 2024 3900 Ildiberti
2068 3858 2216 3899 omo
2259 3838 2470 3899 Volet..
2557 3838 2727 3897 Boso
2768 3837 2948 3897 dedit
2991 3834 3358 3895 Rainbaldo
3406 3841 3576 3894 terra

1115 3943 1182 3998 et
1223 3943 1510 4016 sterpeta
1551 3939 1614 3997 in
1659 3937 2121 4015 Montevignali
2164 3937 2244 3995 de
2289 3934 2473 4014 plebe
2518 3955 2566 3993 8.
2612 3933 2917 3994 Iohannis
2958 3935 3085 3993 sito
3135 3932 3405 3992 Mitiano
3459 3949 3579 4008 sup

1118 4040 1507 4115 potestatem
1549 4037 1967 4113 episcopatui,
2013 4035 2402 4112 pertighes’)
2443 4031 2799 4093 CCLXXX
2841 4031 3077 4108 pedum
3122 4028 3258 4089 XII
3301 4029 3385 4088 ad
3429 4027 3576 4088 Liu-

1115 4134 1344 4212 prandi
1386 4152 1498 4193 rex
1525 4137 1591 4211 ³),
1636 4141 1703 4193 et
1760 4132 2108 4192 modiolum
2153 4131 2308 4191 XII.
2356 4132 2523 4191 Boso
2567 4131 2792 4208 recepit
2845 4129 2930 4189 da
2976 4126 3340 4188 Rainbaldo
3387 4133 3573 4198 terra,

1120 4238 1335 4290 monte
1378 4235 1446 4289 et
1487 4237 1771 4306 sterpeta
1813 4230 1880 4288 in
1936 4228 2074 4288 loco
2116 4239 2178 4287 et
2227 4248 2364 4288 voc.
2424 4247 2460 4286 a
2519 4225 2756 4286 Laione
2813 4227 2919 4304 qui
2976 4232 3072 4284 est
3132 4224 3322 4302 longo
3379 4222 3577 4282 fluvio

1117 4328 1341 4390 Trosse
1383 4348 1580 4407 prope
1624 4335 1842 4388 monte
1898 4328 1979 4388 de
2038 4326 2272 4392 Silano,
2320 4333 2582 4386 tenente
2639 4326 2703 4384 in
2760 4331 2929 4384 terra
2986 4345 3034 4383 8.
3083 4323 3276 4391 Petri,
3320 4322 3576 4391 Trossa,

1266 4562 1276 4588 ¹
1290 4587 1304 4624 )
1331 4563 1417 4610 Or.
1446 4563 1564 4611 sehr
1587 4563 1860 4616 zorrimen.
1890 4562 2066 4622 einiqe
2093 4559 2728 4621 Zeuqenunterechrilten,
2750 4558 2833 4607 die
2863 4559 3008 4607 Poen
3047 4557 3160 4606 und
3193 4556 3415 4605 anderen
3449 4553 3585 4603 eiad

1117 4650 1266 4699 ‘nieht
1302 4649 1452 4699 mehr
1476 4666 1541 4698 zu
1566 4651 1853 4712 entziffern.
1980 4651 2024 4712 Ξ)
2105 4669 2118 4696 τ
2147 4652 2400 4713 perticas,
2524 4649 2566 4710 ³)
2607 4667 2676 4694 z
2700 4647 2774 4696 ad
2814 4645 3012 4710 pedem
3053 4644 3384 4710 Liutprandi
3423 4642 3585 4708 regie,

1124 4753 1167 4787 ε.
1210 4738 1487 4798 Οαῖοςγετα,
1527 4737 1786 4790 Raccolta
1822 4739 1877 4787 X
1920 4741 2200 4789 125-183:
2239 4738 2343 4787 Del
2381 4738 2543 4786 Piede
2582 4736 2904 4798 filim-ando,
