4000 5700
1101 488 1171 540 64
1441 497 1457 511 ⁶
1748 489 2193 544 REGESTUM
2234 490 2559 544 VOLATE
2567 491 2920 546 RRANUM

1098 681 1410 745 divisione
1450 681 1698 747 castelli
1738 684 2015 747 Gerfalci
2054 693 2121 747 et
2164 686 2243 747 de
2285 686 2717 767 acquisitione
2758 695 2988 752 contra
3040 697 3237 770 pacta
3276 690 3443 751 inita
3479 690 3562 751 de

1095 786 1278 841 curte
1320 782 1690 844 Tramontis
1716 789 1782 844 et
1824 784 2007 845 Tassi
2045 803 2127 845 ex
2170 784 2481 846 mandato
2515 783 2809 862 (Adriani
2835 787 2956 863 IV)
2991 807 3159 868 pape
3187 787 3270 849 ad
3302 789 3560 850 audien-

1097 878 1261 939 tiam
1305 878 1481 940 Petri
1506 881 1550 956 ¹)
1592 899 1693 959 ep.
1740 880 2112 942 Grossetani
2154 880 2483 960 perducta,
2512 882 2614 943 hic
2642 901 2776 943 rem
2804 883 2993 945 nobis
3021 884 3301 946 Gnidoni
3340 885 3564 946 comiti

998 981 1005 986 ‘
1103 974 1210 1054 qd.
1236 974 1548 1038 Ranuccii
1566 977 1908 1056 comitis²)‚
1941 979 2319 1058 Lampretto
2351 978 2458 1059 qd.
2483 979 2719 1051 Truffe‚
2747 979 2966 1041 Riccio
3009 982 3117 1060 qd.
3143 981 3395 1055 Teuthi,
3428 984 3559 1043 Mo-

1098 1070 1294 1133 naldo
1322 1072 1430 1166 qd.
1450 1074 1762 1136 Bernardi
1787 1075 2131 1145 commisit,
2162 1074 2276 1153 qui
2303 1075 2675 1149 diffinimus,
2703 1083 2777 1136 ut
2801 1097 2902 1158 ep.
2921 1077 3163 1139 habeat
3192 1076 3559 1138 Rolandum

1099 1171 1180 1231 de
1223 1172 1420 1233 Lame
1460 1171 1569 1250 qd.
1615 1171 1902 1246 Gkisolfi‚
1948 1172 2291 1234 Rusticum
2332 1193 2435 1254 gg.
2479 1174 2636 1246 eius,
2693 1172 3100 1253 Spornellum
3154 1174 3263 1253 qd.
3320 1173 3558 1245 Ursilii,

1099 1269 1460 1331 Guidonem
1498 1277 1569 1332 et
1609 1273 2085 1352 Paganuccium
2126 1292 2226 1352 gg.
2255 1292 2428 1344 suos,
2459 1274 2724 1334 Petrum
2753 1279 2821 1333 ot
2856 1273 3216 1334 Peruthum
3245 1271 3561 1335 Bicackca

1098 1366 1142 1426 f.
1186 1366 1439 1428 Andree
1480 1388 1629 1430 cum
1668 1375 1873 1449 patre,
1916 1369 2276 1431 Iohannem
2323 1368 2634 1442 Panatho,
2680 1368 3041 1450 Hem-igum
3084 1370 3166 1431 de
3202 1369 3562 1449 Casamagii

1098 1464 1206 1542 qd.
1253 1464 1521 1526 Gerardi
1557 1467 1623 1528 N
1625 1466 1892 1547 apparii,
1938 1466 2289 1528 Peruthum
2334 1466 2442 1545 qd.
2488 1465 2959 1538 Albertinaccii,
3006 1465 3353 1528 Herithum
3380 1466 3470 1527 da
3493 1464 3558 1527 la

1096 1562 1261 1624 Casa
1299 1562 1407 1639 qd.
1451 1562 1681 1644 Pugki,
1720 1563 2154 1625 Adamucium
2194 1564 2285 1626 da
2325 1564 2576 1626 Buiano
2619 1565 2727 1642 qd.
2759 1564 3029 1635 Stefani,
3062 1563 3348 1626 Beckum
3378 1562 3557 1625 dala

1096 1660 1369 1722 Fabrica
1408 1661 1516 1738 qd.
1562 1660 1851 1734 Discalsi,
1879 1661 2288 1724 Albertinum
2332 1662 2412 1723 de
2452 1661 2818 1726 Valleeckia
2846 1661 2954 1740 qd.
2997 1662 3409 1734 Albertuccii,
3451 1662 3551 1723 Io-

1096 1756 1375 1818 hannem
1418 1764 1485 1820 et
1527 1761 1790 1821 Petrum
1832 1759 1940 1838 qd.
1984 1759 2252 1831 Marchi,
2297 1757 2709 1821 Guilielmum
2752 1759 2834 1820 de
2872 1757 2941 1820 la
2980 1758 3254 1821 Fabrica
3292 1760 3400 1837 qd.
3444 1758 3551 1820 Al-

1098 1854 1350 1930 bertnli,
1395 1856 1767 1919 Anselmum
1809 1864 1877 1917 et
1918 1858 2276 1919 Iohannem
2332 1863 2398 1918 et
2454 1857 2777 1919 Andream
2834 1857 2943 1935 qd.
3004 1857 3290 1929 Gerardi,
3335 1856 3553 1919 Marti·

1096 1951 1335 2013 nellum
1376 1961 1444 2015 et
1484 1955 1808 2017 Andream
1851 1955 1958 2033 qd.
2006 1954 2436 2027 Pedronaccii,
2478 1956 2890 2017 Ambrosium
2945 1955 3052 2035 qd.
3097 1955 3366 2016 Atticini
3405 1975 3553 2016 cum

1097 2047 1260 2123 filiis,
1304 2049 1723 2113 Rodulfinum
1767 2052 1874 2129 qd.
1918 2050 2280 2113 Iohannelli
2316 2052 2407 2114 da
2443 2052 2627 2113 Mura
2670 2051 2713 2113 f.
2758 2072 2969 2126 suum,
3016 2052 3387 2113 Rolandum
3443 2052 3550 2131 qd.

1099 2145 1519 2221 Gkisalberti;
1563 2147 1774 2210 solvat
1802 2148 2170 2211 Pannockie
2199 2149 2393 2211 XXV
2419 2148 2529 2209 lib.
2560 2148 2707 2209 den.
2739 2149 2865 2210 Pis.
2897 2147 3000 2211 vel
3035 2149 3189 2209 Luc.
3221 2155 3288 2209 et
3316 2147 3555 2210 refutet

1096 2243 1177 2304 de
1220 2245 1639 2323 acquisitione
1678 2244 1860 2308 facta
1897 2246 1977 2306 de
2019 2248 2208 2307 rebus
2263 2246 2539 2308 filiorum
2595 2247 2703 2326 qd.
2750 2246 2941 2307 Pierli
2998 2253 3065 2307 et
3121 2245 3395 2307 filiorum
3445 2245 3552 2323 qd.

1095 2341 1338 2403 Imelde
1380 2343 1449 2403 in
1487 2343 1776 2405 curtibus
1816 2344 1896 2405 de
1939 2343 2252 2419 GerfalcO,
2308 2344 2528 2416 Tass0‚
2583 2344 2956 2408 Tramonte.
3068 2343 3432 2406 Gerfalcum
3488 2350 3558 2404 et

1097 2438 1366 2501 Tassum
1407 2447 1619 2521 preter
1658 2443 2052 2522 emptionem
2095 2440 2440 2505 crescentii
2479 2462 2577 2521 ep.
2625 2463 2665 2503 a
2703 2441 3078 2503 Pannockia
3115 2441 3358 2503 factam
3385 2444 3431 2518 ⁸)
3462 2441 3556 2501 di-

1096 2537 1421 2611 vidantur,
1453 2545 1520 2599 et
1549 2545 1677 2601 tres
1705 2546 1920 2619 partes
1948 2559 2066 2618 pro
2094 2539 2362 2600 dimidia
2386 2546 2573 2617 parte
2601 2558 2813 2600 comes
2842 2538 3100 2612 habeat,
3130 2544 3196 2599 et
3232 2538 3553 2600 Cui-radus

1094 2653 1307 2696 comes
1347 2637 1430 2697 sit
1473 2637 1675 2698 fidelis
1714 2638 2004 2715 utrisque
2044 2639 2304 2714 eiusque
2334 2637 2668 2699 servitium
2700 2636 2891 2699 ambo
2919 2635 3222 2700 habeant.
3310 2637 3406 2698 De
3435 2636 3549 2696 Te·

1095 2729 1289 2793 baldo
1329 2733 1622 2802 dicimus,
1667 2739 1760 2807 ut,
1804 2735 1857 2795 si
1899 2733 2273 2796 Pannockia
2310 2733 2481 2795 infra
2519 2734 2643 2795 XV
2692 2734 2826 2795 dies
2881 2753 2996 2813 per
3049 2732 3548 2795 instrumentum

1093 2828 1446 2894 obtinuerit
1486 2831 1954 2896 habitationem
1993 2832 2266 2896 Tebaldi
2291 2833 2374 2894 de
2402 2832 2783 2896 Fontebona
2805 2854 2940 2895 esse
2968 2854 3018 2895 s.
3048 2833 3225 2895 Petri
3262 2832 3343 2895 de
3371 2835 3550 2896 Mon·

1094 2929 1373 3004 teverde‚
1394 2932 1570 3011 apud
1595 2932 1894 2993 comitem
1924 2937 2272 3005 remaneat3
2304 2932 2359 2992 si
2386 2952 2538 3005 non,
2557 2933 2731 3012 apud
2758 2952 2857 3013 ep.
2938 2932 3263 3012 Galganus
3280 2931 3546 2993 Petrum

1095 3025 1203 3107 qd.
1251 3027 1571 3089 Guinciuli
1611 3029 1903 3108 pecoraio
1946 3029 2184 3090 refutet
2237 3035 2305 3090 et
2359 3050 2571 3091 comes
2627 3030 3032 3109 Storpionem
3092 3030 3199 3108 qd.
3259 3029 3548 3109 magistri

1092 3124 1411 3187 Albertini
1465 3126 1635 3207 plebi
1679 3127 1762 3188 de
1804 3127 2026 3189 Lama.
2077 3125 2216 3188 Hec
2270 3127 2554 3189 diximus
2606 3127 2995 3200 Pannockie,
3045 3132 3120 3187 ut
3174 3126 3373 3189 faciat
3426 3126 3552 3186 sub

1090 3226 1227 3287 iure
1268 3224 1561 3297 iurando,
1591 3225 1766 3303 quod
1805 3224 1958 3286 fecit
1998 3244 2214 3287 coram
2259 3226 2647 3287 Grossetano
2689 3246 2788 3305 ep.
2834 3227 2902 3285 in
2940 3224 3205 3286 castello
3235 3224 3450 3297 Prata,
3481 3232 3548 3285 et

1092 3321 1380 3403 Galgano
1422 3323 1859 3395 iniunxerunt,
1889 3328 1966 3382 ut
1992 3322 2114 3382 sub
2152 3302 2561 3394 investitura,
2599 3341 2795 3400 quam
2825 3342 2926 3402 ep.
2959 3323 3346 3384 Grossetano
3373 3321 3548 3394 fecit,

1089 3419 1405 3482 observet.
1491 3421 1635 3481 Act.
1680 3421 2075 3487 MCLVIIIL
2123 3421 2186 3482 X
2228 3419 2356 3482 kal.
2399 3421 2556 3493 iun„
2602 3419 2732 3481 ind.
2777 3420 2908 3481 VII
2937 3421 2983 3495 ⁴)
3042 3419 3220 3498 apud
3257 3419 3548 3489 Pisano&

1089 3523 1157 3579 et
1198 3517 1374 3597 apud
1416 3517 1832 3580 Vulterranos
1872 3518 2003 3579 ind.
2051 3520 2163 3591 VI,
2205 3519 2274 3580 in
2313 3517 2573 3581 castello
2615 3517 2855 3579 scilieet
2899 3517 3176 3581 Gerfalci
3201 3517 3367 3579 infra
3393 3516 3542 3578 eccl.

1089 3636 1139 3676 s.
1177 3614 1530 3677 Salvatoris
1569 3622 1635 3675 et
1665 3634 1713 3674 s.
1747 3614 1963 3687 Blasii,
1994 3616 2354 3678 MCLVIII.
2440 3616 2651 3677 Guido
2680 3616 3095 3695 Lamprettus
3126 3612 3383 3675 Riccius
3414 3616 3545 3676 Mo-

1090 3711 1319 3775 naldu's
1360 3714 1429 3775 in
1467 3712 1727 3774 castello
1772 3712 2049 3776 Gerfalci
2087 3714 2223 3775 fieri
2261 3713 2579 3775 cartulam
2618 3719 3015 3794 rogaverunt
3073 3712 3242 3774 infra
3279 3712 3543 3773 domum

1086 3811 1313 3892 prioris
1341 3810 1420 3870 de
1450 3811 1783 3883 Monterio,
1882 3810 2198 3873 Gnidotto
2226 3810 2333 3888 qd.
2365 3810 2644 3891 Ugolini.
2676 3808 3041 3872 Ourradello
3070 3809 3149 3869 de
3180 3809 3544 3871 Montecuc-

1086 3907 1280 3970 ckari.
1323 3906 1782 3969 Ildebrandino
1823 3906 1911 3969 da
1950 3908 2277 3988 cagnano,
2336 3906 2646 3987 Malpillio
2704 3905 2812 3985 qd.
2859 3905 3137 3985 Ugolini.
3187 3906 3543 3968 Broccardo

1086 4005 1195 4084 qd.
1239 4005 1524 4066 Arnoldi.
1568 4004 1970 4085 Toringkello
2012 4006 2121 4084 qd.
2167 4005 2469 4085 Gregorii.
2515 4005 2799 4066 Gerardo
2828 4004 2935 4083 qd.
2967 4004 3190 4069 Falcki
3230 4010 3311 4065 tt.
3395 4003 3543 4066 Bal·

1087 4095 1324 4165 du‘inus
1378 4104 1522 4164 Lat.
1582 4103 1709 4183 pal.
1768 4103 1962 4164 iudex
2019 4110 2085 4164 et
2141 4110 2275 4165 not.
2335 4110 2402 4164 et
2457 4104 2611 4181 imp.
2669 4102 3004 4184 dignitatis
3061 4102 3291 4163 missus
3348 4108 3543 4180 atque

1084 4200 1280 4293 φάθι
1323 4200 1568 4361 Οῃίἑοῑί.
1595 4297 1833 4361 AVesc.
1863 4319 1913 4360 3.
1942 4298 2093 4360 XII
2120 4300 2242 4360 dec.
2275 4298 2314 4360 6
2335 4320 2396 4360 n.
2424 4300 2503 4360 17
2528 4300 2700 4377 Oris]-
2731 4298 2913 4359 Liber
2945 4299 3184 4359 iun-“m
3210 4297 3310 4359 13'
3340 4297 3422 4358 16
3440 4298 3543 4359 αἶ’

1232 4524 1273 4589 ¹)
1313 4524 1526 4586 Epoche
1561 4523 1883 4584 unbekannt,
1919 4524 2046 4585 leh't
2083 4524 2165 4573 bei
2202 4522 2384 4573 Gams.
2513 4522 2556 4588 ²)
2594 4522 2985 4584 Ardenthsca.
3098 4519 3142 4585 ⁸)
3170 4520 3316 4570 Oben
3339 4535 3393 4570 n.
3423 4522 3542 4571 164.

1089 4613 1132 4677 ⁴)
1169 4612 1373 4663 Irrtum
1418 4612 1509 4663 des
1567 4614 1897 4664 Voloerraner
1941 4613 2161 4670 Notars,
2208 4612 2300 4662 der
2346 4627 2465 4661 vom
2512 4612 2748 4661 calculus
2795 4611 3039 4660 Pisanus
3087 4609 3238 4659 keine
3286 4608 3546 4660 deutlich

1092 4704 1361 4755 Kenntm‘s
1396 4702 1549 4755 haue.
