4000 5700
1074 524 1517 579 REGESTUM
1557 524 2113 578 VOLATERRAN
2125 524 2241 578 UM
2780 524 2893 576 283

435 722 602 783 inter
641 740 913 782 oomune
954 725 1022 780 et
1062 740 1159 800 ep.
1204 720 1426 782 relicta
1466 720 1595 780 fuit,
1651 720 1741 781 ibi
1794 720 1982 800 plena
2040 720 2414 791 iurisdicti0‚
2472 721 2771 798 quamvis
2824 721 2894 782 in

435 819 643 899 pactis
684 819 1111 891 contineatur,
1156 817 1333 896 quod
1374 818 1540 879 med.
1585 836 1897 896 penarum
1938 822 2005 878 et
2048 816 2411 878 bannorum
2467 836 2767 879 concessa
2806 819 2893 880 sit

434 917 714 988 comuni,
756 915 932 994 quod
975 935 1105 977 non
1145 921 1245 976 est
1289 935 1530 986 verum,
1577 916 1732 993 quia
1771 915 1853 977 de
1895 915 2195 977 omnibus
2237 916 2486 976 solvere
2527 914 2743 987 debet,
2826 921 2893 977 et

434 1014 949 1094 responsionibus
990 1014 1218 1074 sindici
1258 1015 1566 1087 comunis,
1653 1014 2111 1075 laudamus:
2217 1013 2502 1074 Comune
2542 1013 2752 1074 solvat
2793 1033 2891 1093 ep.

435 1131 553 1190 pro
591 1110 866 1172 emenda
903 1116 971 1171 et
1012 1109 1359 1172 refectione
1400 1112 1594 1171 castri
1635 1110 1717 1171 de
1777 1109 2135 1190 Berignone
2192 1110 2405 1172 DCCC
2459 1110 2566 1172 lib.
2625 1110 2751 1171 Pis.
2808 1110 2895 1172 nd

435 1215 651 1270 totum
692 1229 835 1287 aug.
879 1213 947 1270 et
989 1207 1151 1269 DCC
1192 1208 1275 1269 ad
1318 1213 1535 1269 totum
1576 1228 1745 1278 nov„
1788 1228 1886 1286 ep.
1917 1207 2119 1268 faciat
2145 1209 2578 1269 remissionem
2609 1208 2688 1268 de
2715 1207 2893 1269 dam-

435 1309 597 1386 pnis,
639 1313 791 1369 ante
831 1308 1130 1370 ultimam
1171 1307 1557 1369 solutionem
1602 1312 1867 1387 petatur
1915 1327 2028 1385 per
2081 1313 2427 1385 utramque
2479 1314 2731 1385 partem
2788 1325 2893 1367 ex-

437 1405 648 1483 pensis
687 1404 1070 1466 comunibus
1111 1402 1515 1465 confirmatio
1555 1424 1596 1465 a
1651 1424 1822 1483 papa
1872 1403 1971 1463 vel
2031 1405 2169 1463 eius
2223 1403 2534 1483 delegato.
2594 1404 2716 1481 Ep.
2766 1391 2898 1464 non

438 1502 641 1580 possit·
679 1502 929 1580 exigere
968 1500 1226 1563 fodrum
1268 1520 1310 1561 a
1349 1500 1754 1562 naturalibus
1795 1500 2047 1562 civibus
2096 1500 2178 1561 de
2220 1501 2390 1561 Vult.
2449 1498 2898 1561 habitantibus

437 1602 504 1661 in
547 1599 1063 1678 Ripomaranoia;
1106 1598 1191 1661 ab
1231 1598 1599 1660 hominibus
1642 1601 1836 1660 castri
1879 1599 1960 1660 de
1988 1600 2392 1679 Lustignano
2420 1598 2757 1659 solvantur
2782 1616 2899 1675 pro

437 1697 622 1759 fodro
641 1698 932 1775 preterit-i
955 1698 1260 1776 temporis
1282 1696 1407 1758 XV
1421 1696 1527 1757 lib.
1562 1696 1684 1758 Pis.
1709 1696 1793 1758 ad
1819 1703 2037 1758 totum
2067 1714 2233 1777 aug.;
2264 1715 2534 1757 comune
2562 1694 2903 1756 rebandiat

417 1796 728 1856 'homines
768 1793 849 1854 de
892 1793 1252 1873 Berignone
1293 1794 1694 1856 exbanditos.
1780 1794 1986 1873 Super
2015 1793 2245 1856 bandis
2274 1793 2355 1854 de
2384 1793 2899 1873 Ripomaranois‚

440 1892 913 1963 Monteoerboli,
957 1892 1201 1966 Lecoia‚
1240 1892 1598 1955 Saraozano
1626 1913 1896 1954 comune
1925 1892 2102 1954 Vult.
2136 1893 2420 1971 inquirat
2447 1891 2528 1952 de
2555 1890 2900 1964 maleficiis,

438 1991 610 2052 unde
649 2010 782 2052 non
821 1992 1194 2069 imponatur
1234 2010 1404 2068 pena
1445 1991 1796 2069 sanguinis,
1846 1997 2198 2068 antequam
2255 2008 2355 2068 ep.
2400 2009 2467 2048 se
2521 2008 2650 2050 non
2706 1990 2901 2049 intro-

440 2092 684 2161 mittat,
714 2094 782 2149 et
811 2088 977 2149 med.
1009 2088 1089 2149 de
1117 2091 1299 2167 penis
1325 2094 1394 2148 et
1435 2088 1667 2149 bandis
1695 2087 1936 2149 habeat
1963 2108 2087 2166 ep„
2118 2087 2281 2147 med.
2315 2105 2602 2147 comune.
2670 2084 2906 2146 Omnia

444 2174 720 2257 valeant,
745 2204 1079 2264 quousque
1104 2185 1446 2246 Rainerius
1474 2185 1671 2245 fuerit
1707 2204 1829 2262 ep.;
1860 2190 2090 2262 postea
2120 2190 2337 2263 partes
2365 2190 2670 2243 maneant
2698 2184 2765 2243 in
2787 2200 2905 2242 suo

442 2286 575 2345 iure
604 2286 667 2359 ¹).
775 2283 943 2343 Lata
982 2283 1156 2344 Vult.
1201 2283 1265 2343 in
1312 2282 1591 2344 claustro
1634 2303 1681 2342 s,
1725 2282 1941 2342 Marie.
2028 2281 2230 2342 Millio
2273 2281 2377 2360 qd.
2420 2280 2770 2343 Mastarelli
2824 2279 2904 2340 de

443 2382 670 2442 Buono
713 2380 960 2442 sindico
991 2400 1088 2459 ep.
1119 2380 1309 2441 Gullo
1336 2380 1583 2442 sindioo
1612 2383 1919 2442 comunis
1953 2379 2168 2441 Presb.
2202 2379 2475 2442 Barone.
2505 2379 2720 2441 Presb.
2753 2377 2903 2439 Gui-

443 2479 674 2541 lielmo.
718 2479 1000 2541 Henrioo
1026 2479 1350 2540 canonicis
1379 2477 1552 2538 Vult.
1583 2477 1967 2556 Looteringo
1998 2485 2244 2539 rectore
2272 2476 2422 2539 coel.
2452 2476 2534 2537 de
2559 2476 2903 2539 Casazano.

442 2577 708 2640 Miohele
749 2577 973 2639 olerioo
1014 2577 1297 2654 capituli.
1341 2573 1690 2636 Tholomeo
1718 2577 1798 2637 de
1825 2576 2004 2640 Silva
2031 2575 2110 2636 de
2139 2575 2380 2637 Sancto
2406 2575 2671 2637 Miniate
2698 2574 2908 2636 iudioe

444 2674 949 2754 appellationum
1013 2675 1318 2735 comunis,
1385 2671 1623 2734 Iacobo
1685 2671 1894 2733 iudioe
1958 2672 2038 2732 de
2095 2670 2774 2732 Vu1t.11debrandin0
2824 2671 2908 2732 de

447 2772 671 2835 AnetO.
717 2769 1173 2833 Ildebrandino
1213 2777 1350 2831 not.
1398 2770 1500 2851 qd.
1547 2768 1832 2831 Gerardi.
1878 2769 2141 2830 Matheo
2183 2775 2318 2831 not.
2367 2769 2470 2848 qd.
2519 2766 2800 2829 Danielis
2826 2766 2908 2827 de

447 2871 622 2931 Vult
647 2876 724 2932 tt
795 2868 1304 2942 MCCLXXVII,
1337 2868 1465 2930 ind.
1499 2871 1571 2938 V,
1602 2868 1751 2929 (110
1735 2870 1897 2929 lovis
1928 2868 2273 2929 XXVIIII
2301 2887 2433 2947 apr.
2507 2864 2783 2929 Iacobus
2800 2864 2905 2944 qd.

447 2968 766 3047 Flamingi
804 2967 886 3028 de
929 2967 1104 3028 Vult.
1149 2966 1331 3027 Fred
1375 2969 1530 3044 imp.
1576 2972 1707 3027 not
1753 2965 2142 3027 imbreviata
2205 2985 2319 3044 per
2380 2964 2907 3026 Barthalomeum

448 3066 695 3127 dietum
738 3066 1117 3128 Barzettum
1157 3070 1290 3126 not.
1336 3064 1441 3143 qd.
1487 3064 1758 3144 Galgani
1799 3063 1881 3125 de
1923 3064 2102 3123 Vult.
2148 3061 2546 3124 defunctum.

768 3163 1028 3225 Florem
1068 3162 1221 3225 AS&
1269 3162 1461 3239 (Vou.
1505 3182 1571 3222 n.
1617 3161 1802 3238 1023)
1847 3161 2022 3239 Oriq.

451 3361 589 3422 838.
2092 3356 2414 3425 Montieri,
2462 3358 2497 3416 7
2539 3356 2687 3416 Mai
2728 3356 2908 3417 1277.

570 3456 1037 3536 Raynerius
1079 3476 1174 3534 ep.
1221 3456 1394 3517 Vult.
1440 3458 1679 3517 locavit
1721 3455 1951 3515 Perino
1993 3461 2062 3514 et
2106 3454 2304 3515 Curso
2333 3455 2438 3531 qd.
2470 3453 2780 3524 Andrioli‚
2809 3453 2910 3516 Io·

452 3557 647 3617 hanni
690 3554 1011 3616 Davinelli
1051 3560 1118 3614 et
1160 3554 1440 3615 Aoourso
1481 3553 1789 3630 Buetagle
1831 3572 1941 3613 sex
1973 3554 2150 3631 petia
2193 3558 2359 3613 terre
2407 3553 2470 3611 in
2516 3550 2912 3630 BuoignanO,

452 3650 767 3726 Garatom,
796 3652 1255 3732 Campopiam,
1286 3650 1770 3723 Montecastelli,
1801 3649 2062 3711 Cioiano
2090 3669 2207 3727 pro
2235 3650 2455 3711 affiotu
2477 3649 2548 3710 II
2568 3649 2912 3711 stariorum

452 3752 652 3831 grani.
735 3752 878 3812 Act.
902 3750 1218 3812 Monterii.
1303 3750 1674 3810 Primerano
1694 3749 1972 3826 plebano
2000 3748 2082 3807 de
2111 3748 2658 3826 Ripamarranoia.
2684 3748 2916 3809 Baooio

452 3848 558 3927 qd.
604 3848 997 3909 Benoivenni
1038 3849 1119 3910 (10
1158 3846 1356 3908 Senis.
1417 3845 1868 3925 Guiglielmino
1924 3843 2103 3905 dioto
2166 3845 2404 3905 Prenze
2456 3844 2537 3905 de
2591 3843 2915 3905 Monteoa-

453 3945 637 4007 stelli.
721 3944 1228 4013 MCCLXXVII,
1270 3944 1403 4004 ind.
1451 3944 1527 4016 V,
1572 3943 1701 4004 VII
1742 3945 1873 4004 mai
1899 3941 1965 4021 ⁸).

782 4042 937 4104 Von.
982 4042 1223 4104 AVeoc.
1267 4060 1314 4102 s.
1358 4039 1550 4101 XIII
1577 4039 1701 4101 deo.
1742 4039 1782 4101 8
1824 4059 1888 4100 n.
1920 4040 2000 4100 55
2024 4039 2198 4116 Oriq.
2231 4038 2412 4100 Liber
2437 4038 2681 4099 iun-ium
2706 4037 2788 4098 18
2813 4038 2915 4099 eit.

457 4239 595 4300 839.
2053 4235 2378 4305 Momm-i,
2421 4234 2500 4296 21
2544 4233 2695 4294 Mai
2734 4233 2916 4294 1277.

578 4336 752 4416 Ray
768 4355 1042 4397 nemus
1082 4355 1180 4415 ep.
1228 4336 1399 4397 Vult.
1445 4334 1684 4394 locavit
1727 4333 2023 4394 Bendino
2066 4332 2332 4394 Martini
2375 4332 2455 4393 (10
2497 4329 2779 4393 Cluslino
2806 4349 2915 4409 po-

458 4435 607 4496 dere
647 4436 715 4495 in
756 4434 930 4496 curia
961 4434 1043 4495 de
1072 4433 1371 4506 Cluslino‚
1402 4434 1649 4512 petium
1684 4433 1748 4493 in
1778 4432 1918 4492 1000
1945 4430 2358 4493 Formioosoli
2386 4435 2455 4491 et
2483 4429 2553 4490 II
2581 4428 2708 4489 alia
2736 4429 2913 4508 petia.

605 4651 648 4714 ¹)
687 4649 844 4700 Sidae
889 4667 914 4700 ο
940 4650 1162 4700 Bistam
1203 4650 1317 4699 und
1358 4649 1825 4709 Geldwirtschaltv
1861 4649 1928 4697 II
1968 4649 2093 4699 310.
2271 4647 2312 4708 ε>
2350 4647 2455 4696 Die
2493 4645 2792 4709 completio
2828 4645 2922 4694 des

461 4741 664 4789 Nolam
700 4739 843 4799 fehlt.
