4000 5700
1102 551 1266 605 REG
1278 551 1543 606 ESTUM
1584 552 2266 607 VOLATERRANUM
2806 556 2913 610 261

453 766 504 807 s.
534 745 734 807 Marie
803 766 1019 808 coram
1047 752 1372 825 potestate
1413 751 1481 807 et
1520 748 1826 808 anzianis.
1911 747 2191 828 Rogerio
2218 747 2427 810 Rosso
2461 750 2542 810 dc
2571 749 2913 812 Adimaris.

452 845 638 908 Gano
677 844 999 926 Calcagni.
1044 844 1278 907 Gianni
1319 844 1400 907 de
1441 845 1682 908 Sancto
1724 848 1991 908 Miniate
2035 853 2114 907 tt.
2223 847 2630 911 Ricchebene
2691 849 2912 913 Salim-

453 943 603 1005 beni
641 944 838 1006 iudex
881 944 1018 1007 ord.
1061 950 1131 1006 et
1167 948 1306 1006 not.

774 1042 1034 1104 Florem
1080 1041 1230 1104 Ast.
1279 1042 1471 1119 (Volt.
1514 1062 1578 1104 n.
1624 1042 1769 1121 875)
1811 1042 1980 1121 On'q.

454 1235 593 1298 782.
2019 1237 2242 1310 Trani,
2288 1238 2326 1298 7
2364 1236 2689 1299 Dezember
2727 1237 2908 1298 1268.

572 1333 909 1396 Carolus
949 1353 1088 1394 rex
1128 1331 1415 1394 Sicilie
1445 1336 1762 1397 universis
1789 1355 1905 1414 per
1931 1336 2232 1396 Tusciam
2275 1335 2659 1398 constitutis.
2732 1334 2908 1397 Nun-

447 1434 576 1492 tiat
617 1450 684 1491 se
725 1430 1081 1493 Iohannem
1124 1430 1424 1492 Britaudi
1465 1453 1656 1495 suum
1695 1434 1764 1493 in
1791 1433 2023 1494 Tuscia
2052 1434 2364 1495 vicarium
2393 1435 2819 1496 constituisse.

767 1529 901 1590 San
946 1529 1327 1606 Gimiqnano
1371 1530 1601 1592 AC'om.
1647 1532 1832 1593 Liber
1871 1532 2130 1594 blancus
2170 1530 2268 1593 81'
2307 1531 2464 1611 Cep.
2504 1552 2555 1592 ⁸.
2585 1531 2773 1594 XIII
2815 1553 2903 1593 ex.

767 1626 913 1704 Req.
962 1626 1317 1688 Davidsohn
1359 1628 1802 1706 Forschunqen
1844 1630 1883 1689 I
1887 1629 1923 1688 I
1963 1629 2088 1690 155
2126 1649 2188 1689 π.
2231 1628 2409 1691 1092.

447 1823 582 1884 783.
1970 1824 2193 1896 Trani,
2238 1825 2320 1885 16
2362 1825 2684 1887 Daeember
2722 1826 2902 1898 1268,

565 1921 908 1983 Carolus
953 1941 1086 1982 rex
1129 1921 1415 1982 Sicilie
1458 1921 1750 2001 publicat
1788 1922 1953 1983 duas
1995 1923 2300 2001 epistolas
2330 1922 2676 1984 Clementis
2718 1924 2813 1986 IV
2840 1928 2901 2003 ¹).

445 2016 679 2098 quibus
720 2019 932 2096 ipsum
974 2019 1282 2078 vicarium
1325 2019 1576 2096 imperii
1615 2019 1683 2079 in
1723 2020 1958 2081 Tuscia
1997 2021 2357 2081 constituit.

762 2114 901 2176 San
942 2114 1322 2192 Gimiqnano
1363 2115 1596 2176 AOom.
1641 2116 1825 2178 Liber
1864 2115 2120 2178 blancus
2161 2116 2258 2177 81'
2300 2117 2454 2195 Gop.
2499 2138 2547 2179 s.
2591 2117 2781 2178 XIII
2811 2138 2901 2179 ex.

761 2212 910 2290 Req.
953 2212 1316 2274 David-acha
1357 2213 1796 2291 Forschunqen
1838 2214 1877 2273 I
1882 2214 1918 2273 I
1960 2214 2081 2276 155
2121 2235 2181 2275 n.
2225 2214 2403 2276 1093.
2915 2237 2919 2241 ’

329 2489 338 2499 ⁸
444 2407 579 2467 784.
2015 2409 2297 2478 Florenz.
2344 2410 2381 2469 1
2425 2409 2675 2486 Auyust
2714 2410 2899 2471 1269.

563 2503 792 2565 coram
835 2504 1283 2565 Malateste
1323 2505 1418 2567 de
1462 2505 1920 2578 Verricu10,
1955 2507 2194 2567 vicario
2222 2507 2445 2567 Karoli
2475 2506 2708 2586 Syeilie
2734 2509 2901 2586 regis

443 2602 508 2662 in
524 2600 833 2679 regimine
852 2600 1039 2670 Flor„
1057 2603 1361 2680 proponit
1379 2602 1738 2663 Renuccius
1755 2603 1864 2682 qd.
1884 2602 2210 2682 Paganelli
2227 2604 2306 2664 de
2319 2605 2560 2683 populo
2578 2624 2628 2665 s.
2646 2606 2901 2684 Georgii

439 2704 663 2757 sextus
706 2696 1013 2768 Ultrarni,
1058 2699 1231 2776 quod
1276 2698 1629 2777 Gioseppus
1673 2705 1947 2761 vocatus
1985 2697 2249 2778 Geppus
2315 2700 2360 2760 f.
2406 2700 2711 2762 Renuccii
2759 2721 2897 2762 mu-

441 2795 659 2856 tuavit
703 2796 960 2856 comuni
1002 2794 1175 2858 Vult.
1220 2794 1330 2856 lib.
1375 2795 1542 2859 MCC
1596 2795 1740 2859 den.
1786 2796 1951 2859 Flor.
2009 2817 2189 2876 parv.
2235 2798 2302 2859 in
2342 2798 2487 2859 den.
2538 2801 2770 2878 grossis
2815 2800 2897 2862 de

442 2899 708 2971 argento
733 2895 779 2969 ²)
809 2892 997 2963 Flor.‚
1023 2893 1169 2965 Pis„
1195 2894 1371 2956 Luc..
1402 2893 1567 2965 Seu„
1592 2895 1770 2956 Aret.
1802 2902 2079 2966 monete,
2112 2895 2249 2956 XII
2284 2896 2429 2957 den.
2461 2899 2898 2975 computando

438 3010 557 3069 pro
597 3011 834 3069 grosso,
867 3010 1027 3070 quas
1055 2991 1355 3064 sindicus
1389 3000 1696 3070 potestas,
1729 2994 2067 3055 consiliarii
2098 2995 2433 3054 restituere
2467 2997 2897 3070 promiserunt

441 3090 528 3151 ad
568 3090 936 3162 terminum,
981 3091 1094 3168 qui
1135 3097 1234 3150 est
1274 3094 1560 3168 elapsum
1607 3091 1728 3151 sub
1768 3112 1940 3171 pena
1972 3091 2173 3169 dupli,
2219 3092 2537 3170 dampnis,
2580 3096 2891 3172 expensis.

441 3189 614 3249 Dum
658 3187 1018 3248 Renuccius
1061 3195 1306 3266 peteret
1347 3188 1661 3262 debitum,
1694 3190 2035 3250 consiliarii
2062 3190 2501 3260 firmaverunt,
2527 3191 2703 3268 quod
2727 3193 2896 3253 ratio

437 3285 700 3346 deberet
742 3285 995 3358 salderi3
1025 3291 1112 3357 et,
1143 3286 1310 3346 eiad
1353 3285 1596 3347 festum
1639 3306 1688 3347 s.
1723 3287 1918 3347 Mario
1947 3306 2093 3366 aug.
2127 3288 2473 3347 terminum
2502 3295 2891 3366 prorogaret,

437 3383 705 3444 haberet
746 3383 828 3445 de
866 3385 1140 3461 pecunia
1182 3386 1471 3444 comunis
1513 3383 1620 3443 lib.
1667 3383 1937 3452 LXVII,
1982 3385 2064 3445 de
2105 3384 2339 3463 quibus
2392 3384 2715 3446 solvendis
2753 3405 2891 3464 pre·

435 3489 696 3560 ceptum
738 3479 985 3543 factum
1027 3480 1150 3540 fuit
1193 3483 1542 3541 camerario
1584 3469 1891 3542 comunis.
1957 3482 2116 3542 Cum
2174 3480 2465 3542 debitum
2522 3501 2892 3561 recuperare

435 3600 566 3641 non
608 3584 844 3658 posset,
888 3598 967 3639 ex
1010 3585 1193 3658 parte
1235 3580 1524 3640 comunis
1567 3580 1620 3639 F
1624 3580 1733 3641 lor.
1779 3580 1932 3640 fecit
1975 3581 2208 3658 requiri
2250 3600 2522 3642 comune
2563 3581 2759 3652 Vult„
2815 3589 2893 3642 ut

437 3677 855 3738 satisfaceret.
900 3675 1058 3738 Cum
1100 3677 1269 3738 infra
1311 3697 1592 3739 mensem
1635 3698 1765 3740 non
1806 3677 2003 3738 fuerit
2043 3678 2472 3751 satisfactum,
2528 3680 2697 3756 petit
2743 3699 2889 3741 con-

433 3775 575 3838 cedi
616 3774 737 3835 sibi
779 3774 1103 3836 licentiam
1160 3774 1663 3854 reprehendendi
1723 3778 1790 3836 in
1853 3775 1957 3837 lib.
2005 3775 2616 3850 MMCCOCLXVIL
2660 3779 2891 3841 merito

435 3893 621 3935 curso
660 3879 728 3932 et
769 3893 1031 3933 cursuro
1072 3873 1154 3934 ad
1197 3876 1514 3935 rationem
1555 3873 1701 3934 den.
1747 3872 1852 3935 III
1915 3894 2030 3953 per
2090 3894 2371 3934 mensem
2434 3881 2502 3936 et
2564 3875 2672 3936 lib.
2715 3883 2782 3936 et
2823 3879 2889 3938 in

431 3972 743 4050 expensis.
789 3971 1077 4030 Vicarius
1121 3971 1256 4030 viso
1299 3973 1599 4050 precipue
1641 3973 1833 4033 tertio
1875 3992 1985 4033 seu
2030 3973 2261 4032 ultimo
2315 3973 2600 4052 capitulo
2656 3976 2886 4034 consti·

434 4072 585 4141 tuti,
632 4070 792 4129 tales
834 4070 1123 4130 licentias
1163 4068 1392 4129 debere
1434 4070 1698 4130 concedi
1738 4077 1964 4131 contra
1992 4072 2293 4131 comunia
2319 4070 2399 4131 de
2425 4070 2676 4142 Tuscia,
2707 4071 2888 4133 dedit

433 4168 759 4228 licentiam
820 4187 936 4244 pro
999 4167 1102 4227 lib.
1151 4167 1555 4229 MMMCCCC
1618 4168 1754 4228 flor.
1800 4188 1979 4246 parv.
2026 4168 2091 4228 in
2156 4168 2394 4229 florinis
2456 4171 2687 4249 grossis
2728 4188 2884 4249 arg„
2939 4229 2945 4234 .

430 4284 647 4343 grosso
689 4284 804 4343 pro
849 4264 982 4326 XII
1027 4267 1242 4343 parvis
1284 4266 1743 4344 computando,
1789 4272 1924 4327 tam
1967 4285 2085 4346 pro
2127 4271 2299 4326 sorte
2341 4286 2537 4345 quam
2584 4267 2886 4328 accessio-

429 4363 638 4436 nibuS,
668 4365 910 4432 meritc,
927 4364 1240 4442 expensis,
1313 4364 1512 4425 Facti
1539 4366 1602 4424 in
1624 4365 1867 4443 palatio
1890 4365 2181 4425 comunis
2198 4363 2364 4425 Flor.
2437 4364 2882 4439 MCCLVIIIL

573 4591 617 4653 ¹)
665 4591 797 4638 Vom
835 4591 900 4639 ιι*
939 4590 1104 4651 April
1141 4591 1296 4649 1:3⁶0,
1340 4591 1596 4646 emersere,
1636 4590 1778 4638 aiem
1815 4589 1946 4638 oben
1983 4606 2036 4639 η.
2082 4592 2179 4638 753
2219 4589 2332 4638 und
2388 4590 2502 4638 779.
2652 4589 2696 4652 ²)
2740 4578 2883 4638 Uber

426 4681 532 4729 den
581 4679 716 4727 ll'ert
751 4679 842 4727 der
883 4678 1132 4727 ‘denarii
1169 4679 1342 4740 grossi
1366 4676 1377 4694 '
1419 4677 1705 4738 verqlciche
1735 4677 1975 4726 Schaube
2018 4676 2552 4738 Handelsqeschichte
2584 4676 2676 4724 der
2713 4692 2885 4727 roma-

428 4768 650 4817 nischen
696 4767 882 4816 Volker
927 4769 1039 4817 116.
1082 4769 1200 4816 313.
