4000 5700
1092 465 1163 519 94
1748 464 2193 520 REGESTUM
2232 463 2924 518 VOLATERRANUM

1098 679 1389 733 cursum;
1434 661 1553 721 hoc
1584 659 1874 722 fecerunt
1900 659 2210 739 parabola
2240 658 2528 719 Rainerii
2554 655 2835 718 habatis.
2919 657 3063 718 Act.
3095 655 3162 717 in
3189 657 3339 718 eccl.
3368 657 3562 718 castri

1100 756 1582 819 MontisviridiS.
1665 756 1985 835 Henrigus
2030 763 2162 817 not.
2208 758 2361 835 imp.

1425 855 1685 917 Florem.
1730 854 1880 916 Ast.
1930 855 2117 930 (Volt.
2163 875 2225 914 n.
2272 854 2374 930 80)
2418 854 2587 931 Oriq.

1104 1028 1248 1105 273.
2345 1039 2480 1099 San
2523 1038 2923 1116 Gimiqnano,
2968 1039 3045 1100 21
3088 1039 3345 1101 Januar
3385 1039 3561 1101 1.205

1224 1133 1575 1200 Palmerius
1615 1136 1725 1216 qd.
1774 1132 2115 1216 Angioleri‚
2175 1136 2529 1198 Morandus
2586 1135 2691 1216 qd.
2745 1134 3137 1216 Galghineti‚
3181 1137 3321 1197 Hoc
3351 1138 3426 1217 [..
3449 1139 3532 1217 .¹]
3544 1145 3561 1214 )

1103 1237 1213 1315 qd.
1290 1230 1633 1313 Ardingelli
1706 1239 1983 1295 rectores
2044 1241 2112 1295 et
2181 1233 2566 1296 consules
2628 1235 2889 1294 castri
2951 1233 3239 1295 Sancti
3299 1235 3566 1295 Gemi-

1106 1330 1338 1396 niani
1377 1333 1707 1394 firmamus
1751 1328 2263 1394 Ildebrando
2307 1332 2482 1392 Vult.
2527 1350 2645 1414 ep„
2689 1331 2865 1411 quod
2906 1351 3035 1393 non
3062 1330 3298 1392 erimus
3327 1330 3392 1392 in
3419 1353 3566 1393 con·

1104 1428 1265 1504 silio,
1310 1428 1485 1510 quod
1525 1437 1740 1491 castra
1778 1430 1861 1491 de
1901 1430 2246 1508 Ulignano,
2290 1430 2373 1490 de
2417 1429 2783 1490 Pulicciano
2827 1435 2944 1490 aut
2983 1429 3063 1490 de
3093 1429 3435 1491 Gambassi
3461 1430 3567 1491 de-

1106 1534 1443 1590 struantur
1496 1533 1564 1587 et
1617 1528 1793 1608 quod
1836 1528 2127 1590 homines
2166 1546 2261 1608 ep.
2308 1527 2375 1588 in
2430 1529 2656 1588 Castro
2712 1527 2930 1587 Veteri
2984 1533 3049 1587 et
3104 1527 3294 1589 Novo
3349 1527 3570 1589 Sancti

1107 1627 1469 1690 Geminiani
1491 1627 1576 1689 ad
1594 1626 1864 1687 servitia
1902 1626 2205 1689 refacient
2232 1631 2278 1703 ¹)
2302 1633 2368 1686 et
2391 1626 2566 1706 quod
2593 1645 2782 1686 omne
2811 1631 3184 1704 preceptum
3211 1626 3295 1686 de
3320 1626 3567 1686 destru-

1108 1727 1320 1787 ctione
1362 1724 1768 1786 ecclesiarum
1809 1724 2059 1784 factum
2102 1745 2142 1785 a
2182 1722 2568 1785 Brocciardo
2610 1730 2854 1785 rectore
2880 1725 3074 1784 castri
3101 1723 3325 1786 Sancti
3358 1725 3570 1786 Gemi·

1111 1824 1310 1896 niani,
1338 1828 1461 1883 etc.
1487 1825 1560 1893 ⁸),
1589 1827 1657 1882 et
1682 1822 1858 1901 quod
1887 1821 2184 1882 dabimus
2214 1841 2312 1901 ep.
2337 1823 2401 1882 C.
2437 1820 2540 1881 lib.
2573 1820 2723 1883 bon.
2753 1822 2901 1883 den.
2934 1822 3055 1882 Pis,
3087 1828 3360 1883 monete.
3427 1823 3567 1882 Act.

1111 1923 1181 1983 in
1218 1921 1414 1981 domo
1454 1919 1728 1981 filiorum
1771 1918 1880 1998 qd.
1913 1919 2216 1981 Asseduti
2312 1938 2527 1979 coram
2571 1920 2919 1981 Lamberto
2959 1917 3184 1981 Sancti
3209 1918 3571 1981 Geminiani

1111 2020 1455 2098 preposito.
1501 2018 1910 2080 Bonaccurso
1951 2018 2059 2095 qd.
2105 2016 2404 2077 Loctarii.
2450 2016 2641 2078 Dallo
2684 2015 2786 2096 qd.
2834 2015 3142 2077 Ranucci.
3172 2017 3437 2078 Iacomo
3462 2017 3567 2096 qd.

1114 2115 1430 2178 Asseduti.
1515 2118 1905 2178 Iuraverunt
1962 2115 2078 2176 hec
2119 2114 2613 2177 Ildebrandinus
2654 2114 3054 2186 GradaloniS,
3100 2115 3450 2177 Saracenus
3493 2114 3572 2176 de

1113 2215 1440 2293 CugnanO,
1488 2215 1717 2275 Petrus
1756 2211 2146 2293 Gimignalli,
2191 2213 2460 2292 Viginus
2500 2212 2603 2291 qd.
2651 2212 2909 2285 Andrie,
2952 2211 3428 2273 Abracciabene
3456 2213 3571 2274 Ar·

1114 2307 1373 2390 dingelli
1412 2309 1720 2390 Galligtii,
1766 2310 2169 2372 Bonaccorso
2197 2309 2606 2372 instrumenti
2633 2309 2907 2390 scriptor
2972 2308 3040 2370 in
3066 2310 3262 2370 domo
3286 2309 3576 2372 comunis

1115 2408 1336 2471 Sancti
1377 2407 1780 2487 Gemignani,
1836 2407 2171 2479 MCCIIII,
2195 2408 2332 2469 XII
2363 2406 2487 2468 kal.
2513 2406 2844 2479 febr.,ind.
2872 2407 3053 2468 VIII.
3140 2406 3576 2468 Bonaccorsus

1118 2509 1249 2568 not.
1297 2504 1399 2586 qd.
1446 2506 1596 2584 imp.

1444 2602 1595 2664 Volt.
1644 2601 1880 2664 AVesc.
1923 2621 1971 2662 8.
2018 2601 2206 2661 XIII
2249 2602 2369 2662 dec.
2414 2602 2451 2670 1
2494 2622 2555 2661 n.
2601 2602 2641 2661 6
2680 2601 2851 2679 Oriq.

1121 2789 1258 2853 274.
2707 2786 2786 2846 M
2789 2806 3038 2860 anzano
3084 2787 3161 2848 11
3208 2787 3284 2846 M
3286 2807 3352 2848 αι
3396 2786 3571 2848 1205.

1242 2887 1731 2948 Sacramentum
1761 2886 2096 2947 hominum
2126 2892 2193 2946 et
2220 2888 2512 2946 comunis
2541 2859 2620 2946 de
2649 2887 2960 2947 Menzano
2987 2906 3020 2946 c
3038 2906 3153 2948 om
3173 2907 3214 2946 u
3234 2887 3310 2947 ni
3347 2885 3573 2946 Vult.

1123 2984 1389 3044 factum.
1474 2984 1628 3044 Iuro
1669 2984 1918 3046 salvare
1960 2983 2374 3045 Vulterranos
2413 3003 2526 3062 per
2569 2982 2829 3045 fortiam
2871 2984 2953 3044 de
2995 2982 3306 3045 Menzano
3347 2990 3578 3045 contra

1124 3099 1364 3152 omnes,
1407 3080 1690 3158 exceptis
1732 3083 1970 3142 comite
1998 3081 2385 3142 Ildebrando
2411 3086 2479 3159 ⁴),
2514 3079 2951 3157 (Ildebrando)
2988 3099 3085 3158 ep.
3118 3079 3319 3152 Vult..
3346 3081 3576 3142 Senen-

1123 3178 1317 3252 sibus,
1353 3179 1741 3252 Collisianis;
1774 3181 1979 3242 facere
2007 3179 2322 3241 rationem
2353 3175 2773 3253 VulterraniS,
2804 3198 2936 3240 non
2961 3175 3182 3240 tollere
3216 3178 3576 3259 pedagium.

1121 3277 1509 3337 Iuraverunt
1549 3277 1856 3338 CCXXII
1900 3275 2232 3337 nominati.
2319 3276 2563 3348 MCCV,
2595 3276 2652 3336 V
2682 3277 2763 3337 id.
2797 3275 2968 3348 maii,
2995 3274 3121 3336 ind.
3146 3275 3330 3336 VIII.
3415 3275 3583 3336 Acta

1124 3380 1527 3435 sacramenta
1570 3374 1635 3433 in
1675 3381 1889 3435 castro
1928 3376 2010 3435 de
2045 3375 2358 3436 Menzano
2386 3376 2455 3437 in
2481 3374 2701 3453 platea
2726 3372 2846 3435 sub
2877 3373 3067 3435 ulmo,
3153 3372 3432 3451 Ugolino
3471 3372 3577 3450 qd.

1124 3470 1206 3530 de
1259 3469 1326 3533 la
1354 3471 1568 3537 ‚Petra
1631 3472 1888 3531 consule
1943 3471 2117 3532 Vult.
2181 3472 2496 3534 Gratiano
2556 3471 2946 3549 camarlingo
3009 3476 3086 3531 tt.
3195 3469 3581 3531 Benedictus

1128 3567 1318 3628 iudex
1362 3568 1492 3629 ord.
1539 3574 1606 3628 et
1650 3568 1923 3629 tabellio.

1445 3665 1704 3726 Florenz
1747 3665 1898 3726 Ast.
1948 3667 2133 3742 (Volt.
2180 3661 2342 3727 1205
2391 3666 2487 3728 VI
2529 3666 2586 3739 9,
2631 3686 2691 3725 η.
2737 3665 2841 3741 83)
2885 3664 3054 3742 Oriq.

1127 3853 1265 3913 275.
2697 3852 3047 3929 (Volterra).
3093 3852 3172 3911 24
3215 3849 3362 3909 Mai
3404 3848 3581 3911 1205.

1248 3949 1492 4022 MCCV,
1537 3950 1738 4012 VIIII
1789 3945 1912 4010 kal.
1959 3949 2109 4023 iun„
2153 3949 2281 4012 ind.
2333 3950 2515 4011 VIII
2617 3948 3014 4010 Discordiam
3074 3949 3239 4008 inter
3292 3945 3582 4024 Spilia-

1132 4053 1297 4107 tum
1322 4051 1366 4125 ¹⁵)
1402 4048 1841 4109 Florentinum
1884 4055 1951 4108 et
1993 4047 2451 4108 Rustichinum
2478 4048 2582 4126 qd.
2610 4046 2793 4108 Grilli
2832 4047 2912 4107 de
2957 4045 3080 4119 via,
3125 4063 3321 4122 quam
3368 4043 3585 4105 Rusti·

1129 4144 1353 4206 chinus
1396 4143 1661 4223 petebat
1703 4166 1743 4206 a
1784 4144 2055 4223 Spiliato
2099 4163 2211 4221 per
2253 4151 2509 4217 terram,
2554 4162 2750 4222 quam
2789 4141 3096 4221 Spiliatus
3124 4142 3282 4201 emit
3308 4161 3349 4201 a
3376 4140 3585 4202 Bona-

1129 4245 1358 4323 giunta
1396 4248 1464 4303 et
1504 4242 1839 4314 Detisalvi,
1891 4242 1958 4302 in
2013 4240 2386 4302 Rainerium
2431 4241 2800 4302 Dirindonis
2855 4249 2923 4303 et
2976 4235 3197 4299 Talem
3253 4237 3586 4300 Guarnerii

1277 4426 1320 4486 ¹)
1357 4424 1600 4476 Μῶν-ονε
1636 4423 1973 4473 Βασήεέαὸοη
2008 4423 2330 4485 abqaschabt.
2504 4422 2546 4486 ⁹)
2591 4439 2651 4468 r:
2690 4421 2922 4472 servitia
2955 4421 3091 4470 dare
3125 4419 3309 4469 denuo
3348 4419 3586 4483 compel-

1130 4514 1264 4565 lent.
1410 4512 1455 4578 ¹)
1492 4514 1602 4564 So!
1748 4514 1791 4576 ⁴)
1829 4513 2183 4563 Ildebrandin
2227 4512 2308 4562 VI
2346 4511 2791 4562 Aldobrandoeca.
2940 4506 2984 4573 ¹⁵)
3017 4498 3155 4559 Uber
3172 4508 3461 4571 spinatae,
3484 4507 3589 4557 don

1132 4603 1482 4654 Stammvater
1505 4603 1596 4653 der
1622 4601 1920 4652 bekannten
1942 4601 2192 4659 Fami'ie‚
2221 4602 2409 4651 descen
2431 4601 2637 4650 &uestes
2660 4599 2901 4661 Zeuqm'e
2937 4598 3052 4649 hier
3075 4598 3310 4660 vor-lieet,
3335 4595 3480 4647 siche
3500 4594 3589 4645 die

1139 4692 1270 4744 Urk.
1311 4707 1415 4743 von
1452 4693 1589 4743 1213
1628 4690 1721 4740 IX
1762 4694 1846 4750 16,
1885 4691 2111 4741 San-tini
2147 4691 2275 4739 Dos.
2317 4705 2367 4752 p.
2398 4691 2516 4741 237.
