4000 5700
1085 532 1524 587 REGESTUM
1564 532 2250 589 VOLATERRANUM
2831 537 2901 588 65

2697 631 2895 638 -——--.-

451 735 584 794 186.
2047 728 2342 806 Gerfaloe,
2386 730 2468 792 30
2506 731 2675 793 Juni
2717 733 2897 794 1158.

564 829 923 893 Balduinus
966 830 1157 890 iudex
1199 830 1334 891 ord.
1379 830 1618 891 electus
1661 852 1701 892 a
1741 830 2110 910 Galgano
2139 829 2314 893 Vult.
2347 850 2447 911 ep.
2480 838 2547 891 et
2588 853 2628 893 a
2665 833 2901 893 comite

446 927 818 990 Pannockia
855 926 1050 989 laudo
1091 947 1283 1006 super
1323 929 1762 990 controversia
1800 928 1879 988 de
1923 928 2228 1001 Tebaldo,
2274 929 2466 1006 quem
2512 949 2722 992 comes
2779 929 2902 992 sibi

444 1044 769 1088 remanere
808 1024 1040 1086 debere
1082 1026 1431 1105 dixit,quia
1468 1045 1658 1105 super
1699 1026 2096 1106 proprietate
2137 1046 2189 1087 8.
2234 1028 2409 1088 Petri
2460 1028 2541 1091 de
2585 1030 2899 1091 Montevi-

445 1123 569 1183 ridi
609 1123 936 1185 habitavit
975 1122 1116 1184 loco
1157 1124 1269 1201 qui
1324 1123 1447 1183 dic.
1493 1123 1890 1185 Fontebona.
1952 1124 2111 1184 Pars
2163 1125 2450 1204 episcopi
2490 1125 2676 1199 dixit,
2722 1127 2901 1205 quod

446 1219 825 1281 Fontebona
866 1239 998 1281 non
1036 1225 1205 1281 esset
1247 1220 1328 1281 de
1369 1219 1826 1292 Monteviride;
1871 1218 1954 1280 ob
1998 1220 2067 1280 id
2095 1241 2137 1282 a
2161 1221 2456 1283 Guidone
2484 1222 2593 1303 qd.
2627 1224 2898 1295 Ranicii,

444 1316 824 1397 Lampretto
866 1318 976 1395 qd.
1019 1317 1254 1389 Truffe,
1301 1319 1521 1378 Riccio
1548 1318 1656 1396 qd.
1686 1317 1920 1389 Teutii,
1950 1317 2253 1380 Monaldo
2285 1319 2736 1387 od.·Bernardi
2762 1342 2900 1401 pre-

445 1422 706 1495 ceptum
747 1423 866 1487 est,
898 1423 993 1488 ut,
1024 1416 1078 1474 si
1105 1433 1317 1478 comes
1344 1434 1459 1494 per
1485 1416 1988 1477 instrumentum
2019 1435 2100 1477 ex
2128 1417 2356 1477 iudicis
2386 1420 2709 1480 sententia
2736 1420 2900 1496 opti-

447 1514 658 1573 nuerit
698 1532 833 1573 esse
874 1521 951 1574 ut
992 1512 1290 1584 intendit,
1334 1512 1457 1574 sibi
1497 1512 1822 1575 Tebaldus
1861 1519 2214 1587 remaneat,
2259 1514 2314 1573 si
2354 1534 2504 1587 non,
2552 1517 2728 1595 apud
2770 1519 2900 1597 epi-

444 1630 728 1690 scopum.
759 1613 982 1675 Comes
1012 1610 1236 1673 attulit
1263 1613 1788 1684 instrumentum,
1830 1630 1962 1691 quo
1995 1611 2367 1673 continetur
2400 1612 2762 1675 Gnidonem
2790 1615 2897 1694 qd.

446 1708 768 1771 Guilielmi
806 1728 1023 1770 casam
1064 1709 1372 1786 recepisse
1401 1707 1484 1770 ab
1514 1708 1753 1770 abbate
1780 1708 1859 1769 de
1890 1709 2336 1782 Monteviride,
2358 1717 2603 1771 rectam
2640 1730 2753 1789 per
2780 1712 2900 1773 Ur-

444 1826 588 1868 sum
630 1814 697 1868 et
735 1807 1112 1878 Iohannem,
1159 1806 1500 1887 aliamque,
1542 1812 1787 1868 rectam
1832 1826 1944 1885 per
1982 1806 2346 1884 Alpertum‚
2387 1814 2456 1868 et
2499 1808 2695 1883 aliud,
2724 1810 2901 1888 quod

446 1906 619 1966 dicte
659 1903 807 1966 eccl.
851 1906 981 1968 sint
1023 1909 1153 1964 tres
1194 1922 1338 1964 case
1379 1904 1448 1964 in
1488 1903 1628 1966 loco
1674 1902 1894 1977 crasso,
1953 1911 2124 1964 recte
2179 1923 2294 1983 per
2344 1903 2726 1978 Iohannem,
2787 1907 2901 1967 Pe-

448 2010 620 2065 trum
662 2003 777 2081 qui
822 2001 1104 2064 Bonitho
1146 2020 1304 2073 voc„
1349 2001 1759 2063 Baroncium.
1794 2000 2175 2074 Balduinus‚
2201 2001 2360 2080 quia
2382 2001 2598 2065 inveni
2637 2023 2898 2064 uxorem

449 2099 731 2173 Tebaldi‚
774 2118 889 2178 per
928 2117 1125 2177 quam
1166 2100 1219 2158 is
1247 2100 1511 2177 petitur,
1542 2119 1621 2160 ex
1653 2098 1778 2160 alia
1804 2097 2179 2179 genealogia
2203 2117 2358 2173 6886,
2387 2105 2473 2173 et,
2505 2100 2662 2179 quia
2686 2120 2764 2160 ex
2807 2102 2903 2161 in-

446 2198 823 2259 strumentis
864 2216 995 2258 non
1021 2197 1223 2276 liquet
1254 2196 1765 2258 Fontembonam
1796 2198 1876 2258 de
1904 2196 2299 2275 proprietate
2325 2217 2376 2258 s.
2409 2198 2583 2259 Petri
2614 2198 2694 2258 de
2723 2200 2900 2260 Mon-

447 2295 700 2355 teviridi
744 2313 898 2367 esse,
941 2293 1122 2355 solvo
1163 2293 1524 2372 Galganum
1568 2293 1651 2356 ab
1691 2293 2050 2355 intentione
2092 2293 2476 2368 Pannockie,
2521 2316 2652 2375 qua
2674 2296 2901 2358 Tebal-
3015 2346 3027 2357 .

448 2393 601 2454 dum
646 2392 831 2472 petit,
876 2399 943 2454 et
982 2412 1114 2454 non
1154 2393 1296 2454 dico
1341 2391 1853 2454 Fontembonam
1897 2411 1948 2452 s.
1988 2392 2168 2470 ⁶Petri
2194 2392 2275 2454 de
2304 2393 2715 2455 Monteviridi
2742 2414 2900 2468 esse,

452 2492 604 2570 quia
642 2492 948 2551 terminos
989 2493 1158 2551 inter
1198 2490 1374 2552 illam
1435 2498 1502 2550 et
1560 2490 1981 2551 Baroncinam
2042 2509 2123 2549 ex
2177 2489 2456 2567 plurium
2514 2491 2701 2552 dictis
2747 2491 2899 2552 vidi.

451 2591 627 2651 Data
664 2588 833 2649 infra
871 2590 1020 2650 eccl.
1051 2609 1102 2649 s.
1132 2588 1484 2652 Salvatoris
1524 2590 1594 2649 in
1633 2586 1894 2648 castello
1924 2585 2239 2649 Gerfalco.
2306 2589 2664 2660 MCLVIII,
2696 2590 2902 2668 pridie

446 2686 574 2748 kal.
606 2686 738 2759 iul„
767 2685 898 2747 ind.
930 2685 1042 2758 VI,
1072 2688 1140 2746 in
1162 2686 1481 2747 territorio
1510 2685 1687 2747 Vult.
1718 2684 2150 2762 episcopatus.
2233 2683 2678 2747 Interfuerunt
2706 2685 2902 2766 Hugo

450 2782 624 2845 Vult.
669 2803 808 2845 can.
853 2791 920 2844 et
947 2782 1373 2845 Ildebrandus
1399 2780 1602 2861 plebis
1630 2782 1711 2843 de
1737 2782 1945 2843 Lama
1971 2780 2290 2861 plebanus
2319 2799 2467 2843 cum
2499 2781 2901 2864 LamprettO,

448 2880 768 2953 Monaldo,
815 2880 972 2943 aliis,
1059 2879 1413 2943 Balduinus
1453 2899 1502 2940 8.
1545 2879 1673 2958 pal.
1720 2881 1861 2941 Lat.
1905 2879 2102 2941 iudex
2142 2885 2212 2940 et
2255 2879 2661 2959 imperatorie
2699 2881 2901 2962 digni-

449 2980 604 3041 tatis
645 2980 877 3040 missus
920 2986 1115 3057 atque
1153 2978 1349 3041 iudex
1391 2978 1529 3037 ord.
1574 2979 1900 3039 confirmo,

2449 3172 2488 3232 6
2526 3173 2675 3233 Juli
2717 3174 2899 3236 1158.

572 3275 737 3348 Quia
775 3273 1005 3345 Guido,
1049 3273 1489 3354 LamprettuS,
1534 3272 1809 3344 Riccius,
1842 3270 2184 3333 Monaldus
2215 3271 2418 3350 pridie
2448 3291 2596 3332 non.
2628 3271 2737 3332 iul.
2769 3273 2906 3334 fieri

451 3372 516 3432 id
556 3379 997 3450 preceperunt,
1043 3369 1398 3432 Balduinus
1442 3371 1521 3431 de
1563 3369 1998 3431 controversia
2057 3369 2227 3429 inter
2284 3368 2735 3449 Galganum
2800 3389 2901 3450 ep.

451 3469 625 3531 Vult.
655 3476 722 3529 et·
754 3468 1193 3530 Pannockiam
1237 3468 1317 3528 de
1358 3475 1539 3529 curte
1581 3467 1661 3527 de
1696 3465 1990 3528 Gerfalco
2030 3471 2099 3526 et
2141 3472 2322 3527 curte
2363 3466 2442 3527 de
2486 3466 2761 3529 Travale
2786 3467 2902 3529 hec

451 3587 490 3626 a
528 3566 820 3646 partibus
864 3567 1147 3628 audivit:
1192 3585 1404 3627 comes
1447 3565 1614 3627 dixit
1657 3565 1736 3625 de
1778 3572 1958 3626 curte
2003 3565 2082 3625 de
2135 3563 2408 3624 Travale
2465 3571 2531 3625 et
2587 3572 2768 3627 curte
2824 3566 2906 3627 de

450 3664 663 3726 Fosini
702 3684 839 3726 esse
880 3672 1208 3725 ostensum
1252 3683 1364 3744 per
1404 3670 1650 3724 curtem
1695 3663 1775 3724 de
1804 3662 2118 3735 Gerfalco;
2148 3680 2300 3739 pars
2328 3681 2427 3741 ep.
2459 3662 2626 3723 dixit
2656 3664 2744 3723 sic
2776 3684 2906 3726 non

448 3781 605 3834 esse,
632 3764 789 3840 quia
814 3761 1182 3823 Pannockia
1226 3762 1380 3822 fines
1423 3760 1699 3822 Gerfalci
1740 3761 2187 3821 nominaverat
2214 3766 2282 3820 et
2310 3760 2404 3821 VI
2435 3759 2587 3820 boni
2617 3762 2907 3823 homines

447 3868 692 3920 curtem
736 3858 1010 3920 Gerfalci
1051 3857 1190 3919 aliis
1232 3858 1303 3919 II
1347 3859 1667 3919 adiunctis
1710 3858 2087 3917 diviserunt.
2135 3856 2290 3916 Pars
2333 3858 2586 3918 comitis
2631 3857 2797 3919 dixit
2839 3878 2906 3918 se

448 3962 515 4016 et
556 3956 866 4017 iuratores
906 3975 1147 4017 errasse
1188 3962 1254 4016 et
1296 3954 1440 4034 plus
1482 3955 1788 4016 divisisse.
1850 3954 2086 4026 Guido,
2144 3954 2582 4033 LamprettuS‚
2628 3956 2902 4028 Riccius,
3022 3976 3027 3981 ·

450 4053 786 4116 Monaldus
828 4053 1150 4122 dixerunt,
1197 4060 1271 4114 ut
1314 4072 1525 4113 comes
1569 4053 1655 4113 ad
1694 4052 1865 4112 diem
1907 4052 1977 4112 ΙΙ
2024 4071 2173 4113 non.
2220 4052 2329 4111 iul.
2374 4053 2465 4113 VI
2496 4051 2699 4114 bonos
2727 4061 2792 4114 et
2821 4051 2904 4113 le-

448 4151 620 4229 gales
660 4149 950 4211 homines
992 4150 1072 4210 de
1114 4150 1384 4211 Travale
1412 4155 1478 4209 et
1506 4149 1599 4210 VI
1643 4150 1721 4211 de
1753 4149 1964 4210 Fosini
1995 4148 2203 4221 daret,
2239 4149 2346 4228 qui
2378 4149 2431 4208 si
2473 4150 2905 4219 ostenderent,

448 4248 629 4308 cuius
668 4248 867 4309 curtis
911 4247 1187 4309 Gerfalci
1226 4248 1332 4320 sit,
1378 4248 1513 4308 eius
1554 4254 1923 4321 remaneat;
1966 4247 2022 4307 si
2065 4266 2196 4307 non
2240 4247 2658 4319 ostenderint,
2703 4266 2906 4307 rema·

453 4350 621 4417 neat,
664 4346 832 4406 sicut
874 4365 986 4424 per
1028 4347 1266 4423 primos
1309 4346 1623 4407 iuratores
1665 4352 1927 4406 ostensa
1968 4352 2088 4405 est.

570 4441 957 4503 Berardinus
1000 4444 1108 4521 qd.
1153 4442 1422 4505 Tebaldi
1461 4443 1539 4503 de
1583 4441 1854 4504 Travale
1895 4442 2054 4502 dicit
2096 4462 2250 4514 esse,
2287 4441 2454 4501 sicut
2510 4440 2903 4504 territorium

453 4541 684 4601 mascie
725 4539 804 4600 de
846 4541 1237 4618 castagneto
1279 4547 1479 4614 tenet,
1522 4539 1697 4618 quod
1737 4536 1969 4600 habuit
2013 4539 2302 4599 Andreas
2359 4538 2597 4599 Stama
2637 4546 2907 4600 vocatus

453 4636 769 4717 Nappai03
811 4638 892 4698 de
934 4639 1176 4699 mascia
1214 4640 1599 4700 Montanina
1636 4638 1814 4709 dicit,
1859 4636 2035 4714 quod
2077 4642 2175 4696 est
2217 4635 2297 4695 de
2336 4635 2628 4709 Travale‚
2668 4634 2908 4697 scilicet

453 4734 627 4813 quod
667 4737 984 4797 Martinus
1027 4735 1337 4798 Cavalieri
1379 4735 1609 4797 tenuit.

667 4892 700 4937 5
