4000 5700
1125 517 1572 572 REGESTUM
1608 516 2171 573 VOLATERRAN
2178 518 2235 570 U
2236 517 2296 569 M
2831 517 2938 569 295

481 711 667 773 donis
707 718 776 773 et
815 711 1054 774 Iacobo
1095 712 1176 773 de
1216 712 1492 773 Mutina.
1537 710 1855 792 Perugino
1899 712 2106 791 priore
2133 712 2212 771 dc
2250 712 2551 773 Marzano
2588 717 2663 771 tt.
2747 711 2935 773 Lam·

480 807 701 870 bertus
740 810 990 872 Trincie
1028 810 1181 889 imp.
1225 815 1395 870 auct.
1442 820 1573 869 not.

799 907 938 969 San
978 908 1359 985 Gimiqnano
1402 908 1634 969 AGom.
1680 908 1864 969 Liber
1903 908 2160 969 blancw
2202 909 2282 967 55
2310 909 2460 986 Cop.
2490 929 2538 967 3.
2572 907 2761 970 XIII
2799 908 2938 985 (mit

799 1024 862 1063 n.
908 1002 1029 1063 869
1068 1008 1473 1079 zusammen).

480 1102 616 1163 874.
1929 1101 2296 1178 Bcriqnnm,
2341 1102 2423 1162 15
2463 1101 2717 1163 Oktober
2755 1101 2933 1163 1280.

600 1200 1042 1262 Rainerius
1070 1219 1168 1278 ep.
1196 1199 1369 1260 Vult.
1402 1200 1714 1260 concessit
1741 1199 2105 1261 Borristoro
2134 1199 2238 1280 qd.
2270 1199 2627 1262 Deotisalvi
2652 1199 2734 1260 de
2759 1199 2934 1261 Clus-

477 1300 624 1371 lino,
669 1297 1053 1359 castaldioni
1091 1317 1229 1367 suc,
1273 1298 1521 1358 fructus
1565 1298 1924 1376 aliquarum
1972 1308 2136 1359 {erre
2177 1299 2497 1376 petiarum
2539 1299 2608 1357 in
2635 1297 2933 1367 CluslinO,

476 1396 678 1457 donec
719 1396 972 1457 steterit
1012 1395 1079 1455 in
1122 1395 1325 1455 offitio
1367 1393 1893 1455 castaldionatus.
1989 1396 2134 1456 Act.
2194 1394 2570 1473 Berignone.
2666 1393 2936 1456 Alberto

476 1492 749 1572 plebano
791 1494 870 1554 de
912 1492 1206 1554 Gerfalco
1247 1498 1313 1553 et
1356 1492 1554 1553 Petro
1593 1491 1869 1570 plebano
1904 1493 1985 1553 de
2014 1492 2295 1555 Cluslino
2325 1498 2402 1553 tt.
2488 1490 2931 1562 MCCLXXX,

475 1591 602 1652 ind.
648 1590 869 1663 VIIII,
915 1589 1040 1651 XV
1082 1598 1205 1652 oct.
1289 1589 1641 1650 Nicholaus
1683 1589 1906 1650 Guccii
1948 1598 2082 1651 not.

800 1688 960 1751 Volt.
996 1688 1235 1750 Avesc.
1265 1707 1316 1748 3.
1350 1687 1538 1748 XIII
1566 1687 1689 1749 dec.
1721 1688 1761 1747 9
1788 1708 1852 1748 π.
1883 1689 1964 1749 24
1991 1687 2164 1764 Orio.

475 1930 614 1990 875.
1709 1928 1847 1988 San
1889 1926 2289 2003 Gimiqnam
2333 1927 2417 1986 20
2454 1925 2710 1986 Oktober
2748 1925 2929 1987 1280.

593 2025 1040 2095 MCCLXXX,
1088 2025 1215 2085 ind.
1260 2024 1482 2095 VIIII,
1532 2024 1662 2084 XX
1707 2030 1831 2085 oct.
1914 2024 2210 2084 Fantone
2252 2023 2331 2083 de
2374 2024 2593 2084 Rossis
2633 2023 2714 2084 de
2760 2022 2924 2083 Flor.

473 2129 762 2202 potestas
802 2123 1091 2185 comunis
1131 2120 1352 2182 Sancti
1409 2120 1770 2182 Geminiani
1819 2127 1888 2182 et
1942 2121 2283 2181 consiliarii
2338 2120 2630 2183 fecerunt
2683 2120 2928 2197 Pepum

471 2222 623 2282 olim
665 2219 992 2281 Michaelis
1033 2227 1102 2281 et
1141 2219 1365 2281 Colam
1408 2219 1560 2281 olim
1609 2218 1940 2279 Lamberti
1995 2218 2293 2278 absentes
2346 2226 2793 2295 procuratores
2843 2218 2930 2279 ad

472 2319 921 2379 ascultandum
977 2317 1317 2378 arbitrium
1373 2317 1625 2377 Andree
1678 2316 1895 2377 Maffei
1949 2322 2017 2376 et
2072 2316 2274 2377 Nardi
2330 2317 2409 2376 de
2463 2315 2706 2377 Casulis
2759 2316 2928 2377 inter

473 2417 916 2477 Ranerium
958 2437 1055 2495 ep.
1102 2415 1276 2476 Vult.
1320 2424 1388 2476 et
1430 2434 1700 2475 comune
1742 2414 1961 2476 Sancti
1996 2413 2359 2475 Geminiani
2386 2414 2467 2475 de
2495 2420 2705 2475 castro
2733 2413 2929 2476 Gam-

471 2515 657 2575 bassi.
743 2514 887 2575 Act.
932 2513 1154 2574 Sancti
1195 2513 1557 2574 Geminiani
1601 2513 1667 2572 in
1709 2512 1953 2591 palatio
2010 2511 2551 2584 Mantellinorum‚
2596 2511 2708 2572 ubi
2762 2512 2929 2574 fiunt

470 2611 748 2672 consilia.
859 2611 1149 2672 Iohanne
1193 2611 1400 2672 iudice
1441 2610 1522 2670 de
1548 2608 2090 2686 MontepulcianO.
2122 2608 2484 2669 Alamanno
2514 2614 2648 2669 not.
2687 2607 2792 2688 qd.
2824 2609 2925 2669 Ia-

469 2706 615 2769 cobi
667 2707 747 2768 de
803 2707 1029 2768 Castro
1083 2707 1472 2769 Florentino,
1531 2706 1739 2785 Lippo
1799 2705 2129 2766 Fantonis.
2197 2704 2441 2767 Iacobo
2495 2724 2765 2783 precone
2826 2725 2928 2766 co·

469 2807 681 2867 munis
726 2812 804 2867 tt.
887 2804 1274 2866 Lambertus
1315 2804 1566 2866 Trincie
1609 2810 1741 2865 not.

786 2904 924 2965 San
968 2904 1353 2981 Gimiynano
1396 2902 1628 2963 AOom.
1675 2903 1857 2963 Liber
1898 2900 2160 2963 blancus
2201 2901 2281 2962 56
2321 2901 2474 2980 Cop.
2512 2922 2562 2963 3.
2607 2901 2794 2962 XIII
2839 2922 2928 2963 ex.

466 3118 603 3178 876.
2034 3116 2276 3186 Casole,
2322 3117 2402 3177 23
2442 3115 2697 3178 Oktobcr
2737 3116 2924 3178 1280.

584 3215 830 3275 Arbitri
872 3216 1222 3276 decernunt
1267 3233 1457 3293 super
1499 3214 1610 3275 lite
1652 3216 1819 3275 inter
1861 3214 2312 3275 Ranerium
2354 3233 2449 3294 ep.
2495 3214 2674 3277 Vult.
2718 3222 2784 3276 et
2825 3237 2925 3278 co·

462 3333 656 3374 mune
699 3312 916 3374 Sancti
962 3312 1341 3374 Geminiani.

785 3411 1048 3471 Florenz
1078 3409 1227 3470 Ast.
1275 3409 1442 3485 (San'
1478 3410 1884 3487 Gimiqnano)
1916 3411 2086 3486 Oriq.
2118 3410 2257 3471 San
2280 3411 2662 3486 Gimiqnauo
2689 3410 2925 3474 AOom.

787 3509 968 3569 Liber
989 3508 1246 3569 blancu3
1265 3507 1382 3568 56'.
1416 3507 1513 3568 58‘
1543 3511 1687 3568 zwei
1716 3507 1914 3585 Copp.
1944 3528 1991 3568 3.
2025 3507 2209 3567 XIII
2244 3527 2335 3569 esc.
2360 3509 2543 3569 Liber
2570 3509 2813 3570 iurium
2844 3513 2922 3570 11.

788 3606 876 3667 12'
905 3608 1000 3666 cit.
1086 3606 1238 3682 Ray.
1283 3605 1645 3665 David30hn
1689 3605 2131 3683 Forschunqen
2172 3605 2249 3666 II
2294 3605 2415 3666 217
2455 3626 2519 3666 n.
2563 3606 2742 3667 1615.

468 3835 606 3896 877.
2039 3835 2281 3905 Casolc,
2325 3836 2405 3897 24
2446 3835 2703 3898 Oktober
2740 3836 2920 3898 1280.

585 3932 1035 4005 MCCLXXX‚
1077 3933 1206 3993 ind.
1251 3932 1472 4005 VIIII,
1517 3931 1797 3992 XXIIII
1842 3938 1964 3993 oct.
2054 3933 2265 4012 Pepus
2310 3932 2413 4012 qd.
2443 3932 2770 3995 Michaelis
2795 3935 2921 3996 sin·

462 4031 644 4092 dicus
684 4031 973 4091 comunis
1015 4030 1235 4091 Sancti
1278 4028 1641 4090 Geminiani
1684 4030 2019 4109 requisivit
2075 4030 2525 4091 Ranerium
2581 4051 2678 4111 ep
2722 4030 2921 4105 Vult„

461 4129 635 4206 quod
678 4135 947 4207 paratus
986 4135 1124 4189 erat
1165 4127 1375 4188 facere
1418 4128 1653 4196 omnia,
1701 4147 1828 4205 que
1871 4147 1983 4206 per
2025 4127 2351 4189 Andream
2394 4128 2637 4189 Mathei
2665 4135 2733 4190 et
2760 4129 2922 4191 Nar·

462 4225 619 4286 dum
643 4225 894 4305 Rogerii
917 4225 1192 4286 sindicos
1220 4225 1510 4284 comunis
1537 4224 1616 4283 de
1645 4223 1908 4296 Casulis‚
1937 4225 2211 4285 arbitros
2239 4225 2323 4285 ab
2355 4225 2506 4303 ipsis
2538 4234 2920 4306 assumptos,

460 4322 726 4385 laudata
755 4322 1033 4383 fuerunt.
1119 4322 1258 4382 Act.
1292 4321 1632 4402 Casulis-in
1658 4323 1940 4382 claustro
1967 4322 2172 4401 plebis
2202 4325 2411 4383 castri.
2497 4323 2678 4384 Cerio
2711 4325 2922 4385 iudice

463 4420 567 4499 qd.
612 4420 897 4481 Gentilis.
943 4419 1166 4499 coppo
1208 4419 1415 4480 iudice
1457 4419 1563 4499 qd.
1607 4419 1928 4502 Lanberti
1961 4426 2040 4480 tt.
2147 4420 2424 4480 Iacobus
2467 4421 2711 4482 Posche
2765 4422 2917 4501 imp.

461 4525 634 4580 auct.
675 4517 868 4579 iudex
910 4526 979 4578 et
1020 4524 1152 4578 not.

778 4614 916 4676 San
958 4615 1339 4691 Gimiqnano
1383 4615 1616 4676 ACom.
1663 4616 1844 4676 Liber
1888 4616 2145 4676 blancus
2188 4616 2284 4674 59¹
2327 4616 2477 4693 Cop.
2524 4635 2569 4676 3.
2595 4614 2780 4676 XIII
2826 4635 2916 4676 ex.

781 4712 962 4774 Liber
1003 4714 1243 4772 iterium
1291 4717 1353 4771 ΙΙ
1394 4715 1492 4772 cit.
