4000 5700
1112 465 1178 518 18
1754 465 2198 521 REGESTUM
2237 466 2919 524 VOLATERRANUM

1110 662 1209 722 52.
2805 665 3146 739 Fusciano,
3186 668 3385 745 April
3424 669 3564 731 974.

1230 755 1389 817 Otto
1430 756 1561 834 inp.
1604 756 1651 816 f.
1697 754 1758 816 b.
1806 776 1889 817 m.
1935 756 2163 819 Ottoui
2206 758 2336 839 inp.
2381 780 2440 821 8.
2483 762 2780 840 septimo
2825 762 3030 841 april„
3075 762 3205 825 ind.
3264 765 3561 826 secunda.

1112 854 1465 917 Iohanni
1523 854 1569 915 f.
1636 854 1696 914 b.
1757 874 1841 914 m.
1898 855 2148 933 Alperti
2201 856 2533 919 habitator
2588 859 2656 919 in
2714 858 3139 921 Palumbiano
3196 862 3397 922 vindo
3437 862 3564 924 Ro-

1112 950 1304 1013 baldo
1348 949 1554 1030 presb.
1599 953 1711 1030 qui
1753 950 2046 1013 Homitio
2088 973 2228 1015 voc.
2271 953 2316 1015 f.
2362 954 2510 1015 Ursi
2554 955 2720 1016 med.
2766 958 2938 1034 petie
2981 957 3063 1018 de
3105 963 3277 1019 terra
3310 959 3379 1018 in
3405 957 3567 1038 Spu·

1110 1051 1260 1111 iano
1300 1055 1369 1110 et
1397 1048 1589 1110 modo
1634 1068 1771 1110 voc.
1804 1047 2136 1122 Seu-mola,
2182 1071 2305 1132 que
2332 1051 2414 1113 de
2453 1072 2583 1114 uno
2611 1072 2774 1133 capo
2803 1058 2982 1114 tenet
3011 1055 3079 1114 in
3106 1056 3215 1116 via
3242 1055 3562 1134 pupblica,

1114 1146 1197 1208 de
1217 1146 1343 1206 alio
1363 1148 1427 1207 in
1449 1146 1716 1219 fossato,
1740 1147 1865 1208 alio
1885 1147 1953 1207 in
1981 1152 2154 1209 terra
2181 1168 2230 1209 s.
2263 1150 2458 1222 Petri,
2481 1152 2864 1231 contangnit
2892 1151 3049 1211 mihi
3079 1151 3164 1211 da
3193 1152 3567 1214 Ildibrando

1115 1263 1419 1324 germano
1448 1263 1611 1315 meo,
1642 1263 1759 1324 pro
1799 1263 1929 1323 qua
1970 1248 2189 1325 accepi
2229 1265 2363 1327 arg.
2408 1247 2520 1307 sol.
2567 1246 2701 1308 XX
2743 1249 2809 1308 in
2839 1248 3157 1327 prefinito;
3189 1268 3331 1328 pen.
3363 1250 3562 1328 dupli.

1112 1341 1259 1402 Act.
1303 1341 1650 1402 Pussciano
1693 1343 2019 1403 territurio
2059 1342 2522 1406 Voloterrense.
2608 1345 2669 1406 S.
2717 1364 2801 1406 m.
2856 1346 3152 1408 Iohanni.
3213 1346 3563 1408 Ildibrandi

1111 1457 1417 1520 germano
1453 1439 1656 1517 ipsius
1698 1444 1777 1500 tt..
1822 1446 1889 1500 et
1929 1442 2139 1518 pretio
2179 1441 2377 1502 dante
2419 1441 2572 1503 vidi.
2629 1441 2931 1504 'Pet-baldi
2987 1444 3102 1522 qui
3152 1444 3382 1505 Teutio
3425 1464 3562 1506 voc.

1115 1534 1160 1597 f.
1192 1535 1254 1595 b.
1284 1554 1370 1595 m.
1402 1534 1677 1614 Upperti
1720 1541 1799 1596 tt.
1831 1543 1898 1596 et
1924 1538 2134 1616 pretio
2174 1537 2372 1598 dante
2414 1538 2566 1599 vidi.
2613 1539 2971 1601 Ildibrandi
3010 1540 3055 1601 f.
3102 1539 3162 1601 b.
3212 1561 3296 1602 m.
3342 1541 3565 1602 Uuini-

1115 1633 1273 1695 hildi
1314 1634 1427 1712 qui
1465 1632 1593 1694 fuit
1633 1633 1827 1695 iudex
1868 1635 1999 1712 inp.
2047 1640 2125 1695 tt.
2171 1641 2238 1695 et
2277 1637 2488 1716 pretio
2541 1637 2741 1697 dante
2783 1638 2937 1698 vidi.
3045 1638 3374 1700 Gherardo
3424 1646 3561 1700 not.

1438 1731 1598 1794 Volt.
1646 1732 1886 1795 AVao.
1929 1752 1981 1793 3.
2014 1732 2082 1793 X
2109 1734 2233 1795 dec.
2269 1736 2305 1796 7
2332 1754 2394 1795 n.
2426 1735 2466 1797 6
2507 1735 2937 1814 Oleichzeitiqe
2978 1736 3193 1815 Copia,
3237 1737 3565 1799 Gherardo

1428 1836 1566 1891 not.
1591 1831 1887 1910 exempl„
1917 1831 2225 1893 vidimiert
2251 1852 2368 1895 von
2397 1834 2627 1894 Petrus
2648 1832 2841 1894 iudex
2872 1835 3002 1913 inp.
3025 1836 3158 1896 und
3187 1835 3415 1897 Petrus
3434 1836 3567 1897 und

1432 1927 1739 1989 Bertaldo
1779 1936 1915 1992 not.

1108 2083 1208 2145 53.
2816 2088 3112 2161 Vola-rra,
3156 2090 3198 2150 2
3238 2090 3384 2152 Mai
3425 2091 3560 2152 974.

1231 2180 1392 2242 Otto
1432 2182 1564 2260 inp.
1608 2180 1653 2242 f.
1699 2181 1761 2242 b.
1819 2201 1903 2242 m.
1963 2181 2192 2244 Ottoni
2245 2185 2374 2263 inp.
2419 2204 2477 2246 8.
2525 2185 2673 2255 VII
2716 2186 2810 2247 VI
2865 2205 3015 2248 non.
3063 2187 3257 2260 mad„
3298 2187 3428 2248 ind.
3474 2188 3561 2248 II.

1112 2279 1411 2341 Petrus
1449 2278 1662 2341 Volot.
1706 2300 1807 2360 ep.
1852 2281 1936 2341 ad
1978 2300 2239 2342 censum
2281 2301 2412 2361 arg.
2442 2283 2591 2347 den.
2622 2283 2842 2345 decem
2885 2291 2952 2346 eb
2995 2291 3142 2345 octo
3182 2285 3366 2346 firmo
3402 2284 3564 2347 Ilde-

1114 2376 1362 2440 brando
1414 2380 1527 2456 qui
1569 2377 1816 2439 Omicio
1869 2398 2010 2440 voc.
2054 2379 2101 2439 f.
2144 2379 2408 2441 Teudici
2463 2383 2574 2461 qui
2614 2382 2848 2443 Teutio
2889 2402 3027 2443 voc.
3071 2381 3325 2444 duobus
3380 2385 3567 2444 sortis

1115 2481 1185 2537 et
1224 2476 1441 2537 casina
1481 2494 1593 2537 seu
1635 2474 1846 2548 rebus,
1890 2496 2020 2537 una
2064 2477 2129 2537 in
2170 2478 2391 2539 Monte
2420 2477 2731 2554 Secundo,
2765 2499 2812 2539 r.
2855 2500 2971 2559 per
3004 2478 3303 2553 Bernulo,
3346 2481 3473 2541 alia
3499 2482 3566 2542 in

1118 2572 1339 2633 Monte
1377 2572 1614 2645 Tertio,
1659 2592 1784 2652 que
1825 2592 1873 2632 r.
1917 2573 2045 2634 fuit
2085 2592 2199 2652 per
2240 2574 2479 2635 Manno
2518 2575 2781 2636 clericus
2821 2582 2889 2636 et
2931 2576 3125 2637 modo
3166 2596 3281 2655 per
3309 2578 3569 2638 Bonitio

1113 2667 1161 2728 f.
1204 2687 1340 2740 suo;
1384 2687 1529 2747 pen.
1574 2687 1705 2748 arg.
1749 2669 1863 2729 sol.
1908 2668 1979 2730 L.
2064 2669 2209 2731 Act.
2254 2670 2605 2732 Voloterre.
2689 2671 2920 2733 Petrus
2946 2692 3046 2752 ep.
3078 2692 3159 2733 ss.
3192 2672 3254 2735 S.
3287 2692 3371 2734 m.
3404 2673 3565 2734 Ilde-

1112 2766 1363 2828 brandi.
1392 2766 1655 2828 Teudici
1683 2768 1767 2828 ad
1795 2768 1927 2829 filio
1955 2787 2101 2829 meo
2126 2770 2418 2831 consensi
2444 2776 2513 2832 et
2540 2790 2619 2831 ss.
2652 2771 2885 2832 Petrus
2911 2771 3106 2833 iudex
3135 2772 3266 2851 inp.
3298 2792 3378 2832 ss.
3403 2771 3568 2833 Ghe·

1111 2864 1302 2926 tardo
1339 2870 1477 2927 not.
1522 2868 1653 2945 inp.
1697 2874 1778 2927 tt.
1823 2886 1904 2928 ss.
1949 2867 2181 2929 Petrus
2222 2875 2303 2931 tt.
2349 2890 2431 2931 ss.
2513 2870 2858 2932 Tetbertus
2899 2877 3034 2932 not.
3079 2877 3148 2932 et
3187 2871 3379 2933 iudex
3433 2873 3563 2950 inp.

1441 2962 1600 3025 Vozt.
1644 2963 1885 3026 AVeso.
1914 2984 1965 3025 3.
1996 2965 2065 3026 X
2102 2966 2229 3028 dec.
2260 2967 2300 3029 6
2339 2986 2401 3027 n.
2433 2966 2475 3028 3
2513 2966 2685 3044 oriq.

1113 3132 1211 3192 54
2758 3135 3055 3208 Volterra,
3098 3137 3181 3199 22
3217 3136 3388 3198 Juni
3427 3136 3564 3198 974.

1233 3226 1394 3290 Otto
1433 3229 1566 3310 inp.
1610 3229 1655 3291 f.
1700 3229 1761 3292 b.
1804 3250 1889 3292 m.
1922 3230 2154 3293 Othoni
2191 3231 2321 3310 inp.
2353 3252 2414 3293 8.
2455 3231 2703 3305 V11,x
2743 3232 2871 3295 kal.
2915 3234 3049 3305 iul„
3092 3234 3222 3295 ind.
3267 3233 3356 3294 II.
3440 3235 3569 3294 Pe-

1119 3330 1298 3386 trus
1350 3326 1666 3388 Voloterr.
1721 3347 1821 3408 ep.
1882 3326 1986 3388 lib.
2044 3328 2267 3389 ordine
2307 3327 2395 3389 do
2434 3336 2632 3408 atque
2687 3330 2873 3391 firmo
2914 3328 3302 3392 Ostraldof.
3362 3330 3422 3391 b.
3481 3351 3564 3391 m.

1117 3421 1165 3484 J
1164 3422 1403 3484 ohanm
1456 3429 1527 3485 et
1579 3423 1831 3485 Grissco
1883 3424 1930 3485 f.
1975 3423 2038 3486 b.
2083 3444 2168 3485 m.
2214 3426 2363 3487 Ursi
2415 3427 2661 3504 petiam
2710 3426 2792 3486 de
2846 3433 3018 3487 terra
3071 3428 3139 3487 in
3193 3425 3570 3507 Vallelunga

1116 3520 1442 3598 pertinens
1481 3520 1563 3582 de
1603 3527 1784 3582 curte
1835 3520 1918 3582 de
1959 3522 2178 3602 Sexto,
2235 3523 2428 3584 modo
2468 3542 2518 3583 r.
2562 3542 2676 3602 per
2715 3522 2972 3585 Carisco
3018 3543 3231 3606 mass„
3275 3531 3352 3585 ut
3403 3523 3573 3587 infra

1103 3635 1290 3702 'anno
1328 3637 1479 3678 casa
1520 3618 1621 3679 vel
1662 3620 1879 3680 casina
1920 3619 2149 3681 levetis
2188 3626 2258 3681 et
2282 3621 2352 3681 in
2379 3621 2523 3681 fest.
2556 3641 2605 3681 s.
2637 3621 2840 3681 Mario
2881 3623 2948 3681 in
2988 3626 3264 3701 augusto
3304 3621 3571 3683 solvatis

1114 3732 1293 3792 pens.
1339 3734 1471 3794 arg.
1514 3715 1647 3776 din.
1691 3715 1959 3778 duodeci
2004 3716 2067 3778 b.
2110 3737 2255 3797 exp.
2301 3717 2508 3797 qualis
2548 3738 2663 3797 per
2696 3724 2897 3797 temp.
2929 3737 3012 3792 o.;
3041 3738 3210 3797 pena
3251 3720 3569 3780 orientum

1116 3810 1229 3872 sol.
1273 3809 1427 3872 XX.
1511 3811 1658 3873 Act.
1702 3813 2052 3875 Voloterre.
2137 3814 2365 3875 Petrus
2393 3833 2492 3893 ep.
2538 3835 2619 3876 ss.
2666 3813 2728 3877 S.
2769 3835 2860 3878 m.
2906 3814 3171 3877 Ostradi
3210 3820 3279 3877 et
3314 3815 3568 3877 Grissci.

1100 3907 1349 3984 ,Petrus
1390 3915 1470 3970 tt.
1515 3929 1595 3970 ss.
1640 3910 1704 3971 S.
1734 3930 1819 3972 m.
1851 3911 2195 3992 Baginaldi
2220 3911 2266 3973 f.
2298 3911 2361 3973 b.
2392 3931 2477 3973 m.
2503 3912 2796 3974 Isalfredi
2823 3919 2904 3973 tt.
2939 3914 3269 3976 Adalberti
3309 3913 3359 3974 f.
3388 3911 3451 3974 b.
3483 3931 3568 3974 m.

1113 4002 1422 4066 Lanberti
1468 4011 1549 4068 tt.
1631 4006 1977 4069 'retbertus
2018 4014 2154 4069 not.
2199 4007 2500 4092 et‘iiudex
2540 4010 2671 4088 inp.
2717 4011 3009 4089 scriptor.

1444 4104 1602 4167 Vozt.
1646 4105 1869 4186 AGap.
1915 4126 1975 4168 π.
2021 4107 2102 4169 24
2143 4106 2316 4186 Oria.

1121 4265 1219 4324 55.
2675 4268 2971 4341 Volterra,
3013 4269 3095 4331 23
3135 4267 3392 4332 Oktober
3431 4268 3570 4331 974.

1234 4359 1517 4423 Donatio
1544 4361 1724 4425 facta
1748 4384 1788 4424 8
1817 4363 1919 4425 Pe
1935 4370 2064 4426 tro
2090 4364 2304 4427 Volot.
2335 4384 2435 4445 ep.
2466 4366 2790 4428 canonicis
2812 4365 3025 4428 Volet.
3056 4366 3138 4428 de
3170 4367 3356 4428 terris
3376 4385 3575 4447 prope

1112 4457 1382 4520 fluvium
1423 4458 1741 4523 Cecinam.

1439 4558 1600 4621 Volt.
1644 4560 1884 4622 AVa-ec.
1926 4580 1978 4623 3.
2021 4559 2090 4621 X
2141 4560 2266 4624 deo.
2309 4561 2352 4624 6
2402 4581 2468 4623 π.
2511 4561 2553 4623 5
2592 4561 2765 4641 Oriq.
2848 4561 2967 4624 Ed.
3026 4562 3342 4624 Μαι-πίονι·
3391 4562 3575 4624 Anti-

1435 4656 1695 4733 quitata
1733 4656 1773 4717 1
1815 4657 1936 4719 663
1973 4676 2107 4737 sqq.
