4000 5700
1068 538 1173 588 298
1713 539 2155 592 REGESTL'M
2202 539 2519 591 VOLATE
2532 538 2885 591 RRANUM

1068 734 1503 797 delmontibus
1530 735 2041 815 potestatis'Pul.
2074 739 2420 797 sentientes
2449 756 2514 795 se
2543 742 2767 795 eontra
2796 736 2895 795 ius
2922 735 3174 815 gravari
3203 754 3241 793 a
3272 732 3525 812 Bonghi

1071 850 1166 903 eo,
1212 833 1390 910 quod
1431 832 1740 895 Gueeium
1782 834 2287 913 condempnavit
2326 836 2395 894 in
2436 832 2540 894 lib.
2586 833 2652 894 X
2680 835 2841 903 etin
2884 833 2996 893 sol.
3027 832 3094 892 X
3121 839 3187 891 et
3218 834 3283 893 in
3309 830 3419 892 sol.
3442 830 3523 903 V,

1069 930 1566 992 Orlanduceium
1609 932 1676 993 in
1715 931 1827 994 eol.
1871 933 1921 994 C
1961 938 2032 993 et
2070 934 2137 993 in
2179 933 2283 994 lib.
2330 933 2462 993 XX
2504 939 2570 993 et
2612 934 2679 993 in
2720 931 2829 991 eol.
2876 930 3029 1003 XX,
3074 938 3142 991 et
3184 932 3249 990 in
3289 929 3398 989 sol.
3444 928 3523 1003 V,

1069 1027 1484 1090 Pozenos-ium
1529 1032 1594 1091 in
1634 1030 1740 1091 lib.
1788 1031 1852 1091 X
1895 1038 1960 1090 et
2004 1032 2072 1092 in
2112 1032 2221 1094 sol.
2267 1032 2342 1105 V,
2388 1038 2582 1112 prout
2623 1032 2691 1090 in
2734 1030 2895 1092 actis
2949 1029 3241 1090 comunis
3276 1028 3356 1088 de
3397 1027 3524 1088 Pu-

1070 1125 1333 1187 liceiano
1375 1130 1765 1200 continetur,
1802 1130 1888 1191 ad
1924 1129 2414 1209 Raynerium
2456 1150 2551 1208 ep.
2584 1128 2757 1190 Vult.
2790 1124 3294 1206 appellaverunt.
3380 1125 3520 1186 Act.

1067 1226 1132 1284 in
1169 1224 1318 1286 villa
1356 1226 1437 1286 de
1479 1226 1702 1287 Monte
1743 1230 1916 1288 curia
1960 1227 2323 1300 Pulieciani,
2358 1235 2651 1306 presente
2680 1227 2936 1287 vicario,
3022 1225 3152 1284 Feo
3180 1225 3284 1303 qd.
3310 1222 3520 1284 Guidi.

1069 1323 1471 1384 Guarduccio
1513 1325 1617 1402 qd.
1665 1326 2083 1403 Dietiguardi.
2136 1326 2332 1405 Septe
2385 1326 2489 1404 qd.
2550 1324 2882 1395 Gherardi,
2936 1324 3074 1384 aliis
3118 1329 3195 1382 tt.
3299 1319 3524 1384 Cava!-

1068 1426 1256 1481 cante
1297 1422 1492 1483 iudex
1535 1424 1638 1500 qd.
1688 1424 2079 1484 Beneivenni
2121 1424 2202 1484 de
2245 1424 2632 1485 Pulicciano.

1395 1518 1553 1581 Vozt.
1587 1521 1827 1582 AVesc.
1858 1541 1908 1582 ε.
1940 1520 2133 1583 XIII
2157 1522 2279 1582 dec.
2310 1522 2350 1583 9
2377 1542 2437 1581 n.
2466 1521 2509 1582 3
2547 1521 2720 1597 Oriq.

1067 1716 1205 1774 885.
2412 1716 2549 1777 San
2592 1715 2987 1791 Gimiynan0‚
3031 1714 3112 1774 22
3149 1714 3199 1773 J
3202 1714 3299 1773 uli
3340 1712 3522 1773 1281.

1187 1812 1484 1873 Potestas
1506 1820 1573 1872 et
1595 1814 1924 1878 consilium
1950 1816 2240 1877 comunis
2279 1814 2322 1876 S
2338 1834 2378 1874 a
2393 1834 2436 1874 n
2451 1833 2484 1872 c
2502 1814 2568 1873 ti
2609 1812 2715 1873 Ge
2731 1831 2795 1872 m
2812 1812 2830 1871 i
2846 1812 2981 1871 nia
2995 1811 3075 1871 ni
3116 1810 3523 1870 constituunt

1064 1910 1365 1987 syndicos
1402 1918 1472 1971 et
1513 1912 1934 1989 prestandum
1977 1912 2305 1973 fidelitatis
2354 1915 2827 1971 sacramentum
2874 1908 2935 1969 R
2952 1929 2991 1967 u
3010 1908 3054 1968 d
3071 1927 3109 1967 o
3126 1906 3145 1966 l
3162 1907 3187 1967 f
3201 1928 3239 1967 o
3280 1906 3521 1968 cancel-

1063 2004 1239 2076 lari0,
1282 2010 1448 2085 regis
1491 2007 1752 2069 Rudolfi
1795 2010 2033 2069 vicario
2077 2008 2366 2085 generali.

1385 2104 1522 2166 San
1564 2105 1945 2182 Gimiqnano
1990 2105 2219 2166 ACom.
2265 2105 2447 2166 Liber
2486 2105 2744 2165 blancus
2786 2102 2883 2165 82'
2924 2103 3078 2182 oop.
3124 2124 3170 2163 3.
3215 2102 3399 2162 XIII
3430 2121 3518 2161 ex.

1384 2203 1533 2280 Rey.
1577 2204 1943 2265 Davidsohn
1983 2204 2425 2280 Forsekunqen
2487 2204 2567 2263 II
2622 2202 2745 2264 220
2797 2222 2863 2263 n.
2928 2201 3107 2262 1630.
3174 2198 3522 2278 Verqleiche

1390 2301 1521 2361 ΜΘ
1541 2302 1667 2362 LL.
1711 2303 1894 2362 sectio
1938 2302 1972 2360 I
1986 2302 2039 2364 V
2082 2302 2565 2362 constitutiones
2610 2300 2724 2360 III
2769 2299 2891 2361 657
2931 2308 3073 2359 nota
3115 2300 3175 2360 2.

1061 2499 1201 2558 886.
2286 2466 2294 2481 '
2504 2494 2641 2556 San.
2686 2494 2987 2567 Minimo,
3030 2493 3112 2554 23
3149 2492 3295 2554 anz·
3335 2492 3519 2553 1281.

1185 2595 1446 2674 Syndici
1488 2596 1775 2657 comunis
1818 2594 2108 2656 Sancti
2163 2594 2631 2655 Geminiani
2676 2598 2973 2672 prestant
3028 2589 3310 2651 Rudolfo
3364 2591 3518 2668 imp.

1066 2692 1207 2753 aule
1249 2692 1623 2754 cancellario
1664 2699 1730 2752 et
1775 2694 2012 2753 vicario
2055 2691 2363 2752 Rudolf
2378 2692 2400 2750 i
2442 2691 2631 2751 Rom.
2676 2690 2837 2769 regie
2880 2690 2945 2748 in
2988 2688 3222 2748 Tuscia
3246 2685 3525 2766 generali

1063 2788 1393 2851 fidelitatis
1435 2796 1926 2852 sacramentum.

1384 2889 1521 2948 San
1564 2889 1944 2964 Gimiqnano
1987 2888 2221 2950 ACom.
2264 2888 2448 2948 Liber
2487 2885 2743 2947 blancus
2784 2885 2864 2946 83
2904 2885 3133 2962 Cous
3137 2883 3383 2943 ‚XIII
3424 2902 3519 2942 ex.

1384 2987 1501 3046 Ed.
1549 2987 1684 3047 ΜΟ
1711 2987 1838 3047 LL.
1881 2987 2066 3047 sectio
2108 2986 2209 3048 IV
2251 2985 2735 3046 Constitutione-s
2762 2983 2882 3043 III
2907 2983 3026 3044 657
3054 3003 3114 3042 n.
3146 2982 3282 3042 670.
3366 2980 3518 3057 Rey.

1385 3084 1745 3145 Davidsohn
1786 3082 2233 3160 Forschunqen
2273 3083 2352 3142 ΙΙ
2393 3082 2517 3144 220
2556 3103 2620 3142 n.
2664 3081 2847 3142 1631.

1064 3281 1199 3341 887.
2747 3276 2924 3348 Pisa,
2968 3277 3007 3335 2
3049 3275 3298 3352 Ααςυεί
3339 3275 3520 3336 1281.

1183 3375 1594 3455 Privilegium
1636 3377 1984 3438 Rudolfi
2025 3378 2175 3455 imp.
2221 3376 2365 3437 aule
2406 3375 2762 3437 cancellarii
2792 3382 2858 3434 et
2886 3394 3006 3452 pro
3032 3373 3219 3434 Rom.
3252 3374 3520 3451 imperio

1062 3481 1126 3533 et
1170 3473 1454 3535 Rudolfo
1495 3495 1639 3556 rege
1680 3477 1748 3536 in
1790 3476 2021 3535 Tuscia
2066 3476 2281 3536 vicarii
2311 3474 2622 3555 generalis
2649 3493 2766 3551 pro
2792 3473 3214 3533 universitate
3242 3468 3517 3533 Collis.

1382 3571 1559 3634 Colle
1603 3573 1836 3634 ACom.
1879 3573 2399 3634 Instrumentario
2438 3573 2477 3632 I
2520 3571 2600 3632 49
2641 3570 3049 3648 qleichzeitiqe
3089 3570 3240 3648 oop.
3323 3568 3521 3630 Siena

1383 3671 1536 3733 Ast.
1586 3671 2098 3748 (Rilormaqt‘oni)
2142 3671 2295 3750 Cop.
2339 3691 2455 3730 von
2498 3671 2660 3731 1282
2702 3670 2738 3729 I
2782 3670 2842 3730 2.
2928 3668 3083 3729 Edd.
3114 3667 3337 3730 Fickoe
3362 3667 3518 3728 For·

1380 3766 1693 3845 schunyen
1736 3767 1836 3829 IV
1867 3768 1986 3830 481
2017 3789 2081 3828 n.
2114 3767 2249 3829 476.
2280 3767 2494 3828 Lisini
2522 3766 2661 3827 236.
2695 3766 2767 3825 M
2777 3766 2830 3826 G'
2857 3766 2985 3827 LL.
3016 3767 3199 3827 sectio
3224 3763 3259 3824 I
3276 3764 3328 3826 V
3355 3762 3519 3824 Con·

1379 3867 1724 3927 stitutionee
1765 3867 1885 3926 III
1929 3866 2049 3927 566
2091 3887 2154 3926 n.
2199 3866 2319 3927 604
2346 3867 2409 3942 ¹).

1061 4065 1199 4122 888.
2620 4061 2836 4135 Siena,
2880 4059 2920 4120 8
2959 4060 3296 4120 Novemba·
3333 4058 3517 4119 1281.

1178 4158 1659 4229 MCCLXXXI,
1704 4159 1833 4218 ind.
1878 4159 1963 4231 X,
2010 4158 2175 4219 VIII
2216 4177 2362 4219 nov.
2448 4158 2731 4238 Angelus
2772 4159 2923 4236 imp.
2956 4157 3166 4229 iudex,
3210 4173 3382 4218 nune
3424 4156 3519 4215 vi-

1057 4259 1267 4317 carius
1288 4257 1531 4317 Mathei
1553 4257 1808 4316 Rubei²
1816 4261 1835 4333 )
1864 4266 2045 4334 pote
2019 4258 2202 4315 statis
2233 4255 2397 4328 Seu„
2421 4262 2487 4316 et
2511 4256 2799 4316 eonsules
2828 4256 3175 4315 mercantie
3201 4253 3521 4315 dederunt

1061 4353 1298 4414 Iacobo
1340 4355 1444 4432 qd.
1490 4354 1944 4434 Consigli'civi
1990 4353 2131 4413 Sen.
2177 4355 2291 4431 qui
2336 4373 2467 4413 voc,
2528 4353 2878 4432 Segagnius
2922 4373 3037 4431 pro
3078 4371 3145 4412 se
3185 4358 3253 4412 et
3294 4351 3520 4411 amicis

1207 4579 1247 4642 ι)
1287 4579 1444 4629 Auch
1497 4579 1613 4629 hier
1668 4580 1756 4639 iet,
1817 4581 1910 4628 wie
1959 4581 2020 4628 in
2072 4595 2122 4629 η.
2178 4585 2299 4639 δῗδ,
2349 4581 2437 4630 dio
2493 4569 2894 4641 Uber-lielerunq
2945 4595 3048 4629 auc
3096 4579 3240 4629 Colle
3277 4580 3391 4629 und
3430 4580 3522 4629 Qu·

1056 4669 1241 4717 Druck
1278 4669 1360 4716 bei
1399 4669 1583 4718 Lisim·
1624 4670 1926 4720 &bornhem
2152 4671 2195 4734 2)
2232 4670 2349 4719 Eia
2386 4670 2591 4726 Orsini,
2644 4671 2855 4718 Bruder
2894 4670 3173 4718 Nicotaus·
3214 4670 3333 4724 III.
3371 4670 3521 4719 ciebo

1056 4759 1282 4807 Demski
1323 4763 1424 4808 32³3?
1467 4761 1578 4807 und
1617 4761 1836 4809 Andrea
1875 4761 1982 4808 Dei
2019 4761 2092 4808 ad
2140 4763 2288 4811 1282.
