4000 5700
1122 514 1567 570 REGESTUM
1605 516 2290 572 VOLATERRANUM
2835 521 2940 574 139

474 707 615 771 391
2061 711 2383 783 Μοιιῆενί,
2421 713 2506 773 30
2541 712 2712 777 Juni
2751 715 2935 778 1220.

596 806 955 881 ΜΟΟΧΧῙ,
998 808 1131 870 ind.
1179 808 1326 871 VII.
1374 808 1536 887 prid.
1579 807 1708 869 kal.
1753 807 1862 870 iul.
1950 811 2333 889 Paganus
2375 810 2549 872 Vult.
2595 832 2692 891 ep.
2723 820 2935 892 prote·

472 909 741 977 stamar,
788 907 964 984 quod
1005 907 1241 977 omnia,
1286 925 1412 984 que
1452 925 1571 970 nos
1623 906 1832 968 facere
1888 913 2148 985 oportet
2202 909 2388 969 Piero
2428 909 2510 970 de
2553 910 2832 972 Pei-nino
2868 918 2937 974 et

475 1001 823 1081 Belga-ino
865 1002 1306 1065 Ildobrandim'
1344 1010 1413 1064 et
1456 1004 1850 1067 Bencivenni
1894 1005 1999 1084 qd.
2045 1004 2240 1066 Guidi
2281 1005 2518 1079 Incole,
2564 1008 2733 1068 sicut
2787 1028 2936 1070 oon·

473 1098 791 1162 tinebitur
832 1102 900 1163 in
940 1103 1373 1163 instrumento
1412 1100 1709 1163 faciendo
1749 1102 1833 1162 ab
1878 1102 2211 1165 Arnolfino
2251 1103 2461 1165 iudice
2504 1109 2572 1165 et
2619 1111 2754 1165 not.
2803 1108 2931 1179 (Se-

471 1200 679 1276 nensi)
722 1200 1133 1262 refutationis
1173 1200 1254 1262 de
1296 1202 1474 1262 lucro
1514 1203 1755 1263 montis
1796 1202 1877 1263 de
1919 1202 2239 1264 Monterio
2267 1207 2332 1277 ¹),
2364 1203 2674 1264 faciemus
2708 1210 2934 1266 contra

471 1302 768 1359 nostrum
809 1298 987 1360 velle.
1074 1298 1216 1361 Act.
1262 1300 1331 1360 in
1372 1319 1626 1361 camera
1667 1301 1900 1361 casseri
1947 1300 2030 1361 de
2073 1300 2390 1362 Monterio
2466 1321 2629 1380 pres.
2675 1301 2933 1364 Simone

424 1424 436 1435 ·
468 1413 614 1455 can.
657 1394 739 1455 de
777 1395 1008 1457 Massa.
1052 1395 1289 1458 Guicto
1336 1395 1562 1458 iudice.
1622 1396 1840 1459 Presb.
1872 1397 2215 1478 Frederigo
2268 1403 2335 1459 et
2392 1398 2631 1460 Iacobo
2685 1400 2932 1460 clerico.

470 1488 873 1553 Isimbardus
912 1498 1048 1555 not.

803 1590 961 1652 Vols.
1005 1590 1247 1652 AVesc.
1290 1611 1342 1655 e.
1372 1591 1563 1652 XIII
1589 1591 1717 1652 dee.
1748 1592 1790 1653 3
1830 1612 1893 1653 n.
1936 1593 1977 1653 2
2018 1592 2188 1670 Oriq.

471 1789 611 1851 392.
2148 1787 2354 1866 (Nack
2393 1789 2478 1849 30
2513 1787 2683 1851 «Iuni
2724 1788 2933 1866 1220).

593 1883 930 1947 Seracinus
970 1884 1227 1957 Rieche
1272 1884 1616 1963 Vigorosus
1671 1886 2005 1957 Cittadini,
2052 1885 2512 1947 Gualoherinus
2567 1887 2932 1960 Gnidibeni,

471 1983 685 2045 Guido
708 1983 755 2060 ’)
800 1981 1135 2047 Stratumi
1182 1983 1471 2045 Ventura
1513 1984 1810 2058 Arzocfi)
1858 1983 2160 2044 Albertus
2188 1985 2269 2045 de
2298 1984 2573 2046 Pernina
2613 1986 2785 2047 cives
2826 1986 2931 2046 Se-

471 2101 718 2151 nenses‚
768 2080 1147 2160 Bonaguida
1191 2081 1433 2153 Parisii,
1484 2081 1942 2154 Bonafidanza,
1989 2082 2411 2143 Rustichinus
2466 2084 2639 2144 cives
2679 2083 2932 2144 Vulter·

474 2180 615 2240 rani
655 2180 958 2241 inivimus
990 2184 1398 2241 contractum
1429 2198 1575 2239 cum
1621 2180 1950 2260 Pagano
1983 2199 2086 2258 ep.
2117 2178 2295 2242 Vult.
2326 2181 2407 2241 de
2436 2180 2706 2241 MMMM
2735 2200 2928 2242 marc.

474 2297 606 2358 arg.
651 2282 720 2338 et
767 2276 900 2336 MM
959 2274 1273 2349 lib.·Sen.,
1316 2278 1488 2337 sicut
1542 2283 1813 2356 apparet
1869 2278 1934 2338 in
1992 2279 2425 2338 instrumento
2475 2278 2789 2339 Arnulfini
2838 2280 2932 2339 iu·

469 2373 631 2436 diois
673 2374 754 2436 de
793 2372 962 2435 Sena
1001 2380 1071 2435 et
1114 2374 1466 2435 Bonaoursi
1506 2379 1644 2436 not.
1687 2374 1768 2435 de
1811 2374 2033 2447 altem,
2092 2380 2159 2434 et
2214 2376 2517 2447 iuramus,
2576 2377 2750 2455 quod
2807 2377 2932 2437 due

468 2478 690 2552 partes
729 2478 884 2534 sunt
911 2472 1285 2534 Senensium
1312 2477 1381 2533 et
1409 2473 1603 2533 tertia
1630 2472 2191 2544 Vulterranormm
2236 2474 2607 2535 societatem
2637 2474 2927 2545 facimus,

468 2571 648 2650 quod
689 2571 825 2630 sine
864 2569 1093 2630 fraude
1119 2571 1291 2633 inter
1314 2588 1435 2630 nos
1461 2570 1727 2649 agimus,
1760 2571 1940 2629 salvo
1970 2568 2375 2643 Senensibus‚
2409 2571 2582 2649 quod
2610 2573 2930 2650 possimus

468 2668 747 2746 recipere
789 2672 1090 2744 quartam
1133 2672 1382 2745 partem
1430 2667 1957 2728 vulterre-norum
2003 2686 2207 2745 usque
2247 2667 2330 2727 ad
2374 2668 2624 2729 MMDC
2665 2668 2772 2729 lib.
2793 2671 2861 2745 ⁸).

804 2764 961 2826 Volt.
996 2764 1234 2827 AVa-sc.
1280 2763 1450 2841 App.
1491 2782 1541 2823 ε.
1572 2762 1758 2824 XIII
1792 2764 1949 2840 Ρα9.
1980 2784 2043 2825 n.
2073 2765 2114 2824 2
2141 2764 2312 2866 Ονὶ9.
2344 2765 2669 2842 (Minuta).

470 2963 608 3024 393.
1349 2961 1563 3022 Monte
1615 2961 1910 3038 Voltray'm
1956 2961 2038 3022 18
2078 2962 2211 3023 und
2251 2962 2331 3023 19
2368 2961 2718 3040 September
2751 2963 2929 3025 1220.

594 3060 950 3120 Mainectus
991 3061 1272 3120 sindicus
1313 3060 1684 3121 comunis
1726 3058 1943 3120 Vult.
1989 3062 2057 3121 in
2099 3079 2289 3120 causa
2333 3081 2480 3120 cum
2540 3060 2824 3122 Belforte
2865 3067 2933 3123 et

469 3158 781 3219 fratribus
823 3177 1014 3236 super
1054 3156 1540 3235 exceptionibus
1582 3157 1662 3217 de
1704 3159 2095 3235 suspictione
2140 3158 2579 3234 (Florenzetti)
2623 3160 2931 3237 prepositi

470 3255 831 3319 casalensis
873 3275 1086 3316 coram
1132 3255 1317 3316 vobis
1347 3255 1727 3330 (Ranuooio)
1755 3254 2035 3333 plebano
2063 3275 2112 3316 S.
2147 3256 2372 3316 Lazari
2398 3262 2466 3316 et
2496 3254 2752 3316 Simone
2785 3274 2929 3317 can.

469 3355 660 3416 Mass.
690 3355 877 3433 ponit
916 3353 1228 3434 Sigerium
1270 3372 1401 3415 non
1443 3372 1629 3431 posse
1669 3361 1841 3413 stare
1882 3373 1948 3413 m
1976 3353 2214 3414 iudicio
2241 3355 2378 3414 sine
2406 3355 2796 3414 auctoritate
2823 3373 2929 3414 cu-

471 3454 723 3526 ratori&
754 3472 900 3513 cum
943 3454 1152 3514 minor
1178 3452 1284 3524 sit,
1316 3458 1383 3512 et
1414 3450 1759 3512 Belfortem
1794 3458 1862 3510 et
1889 3451 2248 3512 Cur-radun]
2275 3451 2587 3522 similiter,
2617 3471 2765 3513 oum
2799 3452 2933 3513 sint

466 3552 1011 3614 excommunicati
1034 3569 1146 3629 per
1172 3569 1257 3611 se.
1289 3547 1575 3612 Belforte
1600 3554 1669 3609 et
1695 3548 1929 3609 fratres
1957 3555 2213 3627 ponunt
2241 3549 2633 3610 Mainectum
2661 3570 2797 3610 esse
2824 3569 2931 3610 ex·

471 3649 1019 3709 communicatum
1043 3647 1127 3707 ab
1155 3666 1253 3726 ep.
1285 3646 1630 3707 Hostiense
1657 3656 1725 3707 et
1752 3646 2143 3708 Pistoriense
2167 3651 2214 3722 ⁴)
2246 3666 2394 3707 cum
2422 3646 2563 3706 aliis
2591 3645 2788 3718 Vult„
2820 3647 2934 3725 qui

471 3744 853 3807 auferebant
895 3745 1065 3807 bona
1092 3764 1189 3824 ep.
1221 3751 1288 3806 et
1314 3744 1463 3804 ecci.
1547 3744 1775 3804 Coram
1803 3742 2068 3804 Tedicio
2096 3743 2204 3822 qd.
2234 3744 2615 3804 Cantilionis.
2650 3743 2933 3824 Ardingo

466 3842 575 3922 qd.
637 3842 818 3903 Perii.
866 3842 1080 3904 Presb.
1142 3840 1416 3902 Meliore.
1522 3839 1844 3912 MCCXX,
1904 3840 2037 3901 ind.
2100 3838 2297 3900 VIIII
2391 3842 2459 3901 in
2513 3841 2690 3901 curia
2730 3840 2935 3919 plebis

470 3942 713 4003 Montis
734 3942 1091 4018 Volui-arii)
1165 3939 1341 4000 XIII
1362 3958 1460 3999 ex.
1485 3945 1645 4019 sept.
1720 3940 2076 4000 Mainectus
2096 3939 2275 4008 dicit,
2310 3941 2482 4018 quod
2513 3959 2610 4017 ep.
2638 3939 2936 4017 Paganus

466 4041 1058 4101 excommunicavit
1098 4040 1167 4100 in
1206 4038 1356 4098 eccl.
1403 4057 1450 4096 S.
1496 4038 1693 4097 Marie
1737 4035 1818 4097 de
1860 4037 2038 4096 Vult.
2085 4057 2306 4098 omnes
2360 4039 2684 4098 usurarios
2730 4044 2799 4098 et
2837 4036 2931 4097 fa·

466 4139 712 4199 cientes
752 4143 1125 4198 contractus
1165 4136 1490 4197 usurarios
1529 4142 1597 4195 et
1638 4136 1707 4194 in
1746 4133 2042 4195 fraudem
2069 4154 2430 4204 usurarum,
2466 4141 2553 4206 et,
2584 4135 2760 4213 quod
2790 4133 2932 4196 Bel·

468 4235 639 4298 forte
680 4234 878 4295 habet
920 4236 986 4294 in
1026 4236 1258 4313 pignus
1287 4234 1367 4294 de
1398 4233 1583 4293 bonis
1610 4252 1711 4311 ep.
1742 4232 1918 4311 apud
1949 4232 2514 4310 Ripomaranciam
2552 4240 2619 4293 et
2648 4233 2934 4311 percepit

468 4333 719 4394 fructus
760 4333 931 4395 ultra
975 4339 1230 4392 sortem.
1317 4330 1601 4391 Belforte
1642 4330 1970 4391 confessus
2011 4330 2139 4391 fuit
2180 4349 2248 4390 se
2275 4330 2510 4391 habere
2539 4332 2805 4409 pignora
2847 4330 2932 4390 ab

618 4558 657 4620 ¹)
706 4557 1004 4621 Vorqloiche
1056 4556 1317 4608 ‹Bi-'mm
1364 4556 1479 4605 und
1529 4555 1948 4614 Geldwirtschast
1979 4575 2003 4604 ι
2051 4555 2088 4603 Ι
2141 4557 2257 4605 107.
2477 4559 2520 4617 ὓ)
2558 4555 2741 4605 Guide
2778 4555 2926 4618 Oria.

466 4645 513 4710 ²)
552 4647 710 4697 siche
746 4645 1005 4695 «Binum
1041 4645 1156 4693 und
1192 4644 1655 4702 Geldwireaehale»
1692 4643 1725 4690 Ι
1774 4647 1888 4693 107.
2082 4645 2123 4702 ⁴)
2163 4642 2643 4704 Kardinalbioehos
2681 4641 2929 4705 Huqolt'n

465 4751 572 4786 von
609 4734 757 4784 ousia
796 4733 911 4783 und
948 4732 1171 4793 Βίοολοί
1206 4731 1417 4792 Soffred
1452 4747 1557 4781 von
1593 4731 1825 4792 Pietoja,
1861 4731 2005 4780 siche
2045 4731 2174 4781 oben
2211 4747 2263 4782 n.
2306 4733 2412 4782 345
2450 4731 2509 4792 ᾗ.
