4000 5700
1152 529 1225 580 40
1799 527 2176 582 REGESTU
2181 528 2240 580 M
2283 527 2664 582 VOLATEP
2669 529 2840 581 ΒΑΝ
2842 529 2902 582 L
2903 527 2964 580 M

1474 723 1548 783 de
1568 724 1955 784 Passiniano
1978 723 2017 783 I
2037 724 2135 785 21.
2162 724 2431 786 ΒόῘιηιεν
2451 724 2608 785 Acta
2627 724 2845 785 selecta
2873 723 2956 785 38
2974 743 3039 783 n.
3064 723 3161 784 40.
3195 724 3271 782 M
3273 729 3601 784 ornamenta

1475 821 1843 881 Germaniae
1862 820 2230 899 Diplomata
2255 822 2292 881 I
2297 822 2395 894 ΙΙ
2419 822 2600 899 Dipl.
2626 823 2887 882 Hem-ici
2910 821 2990 881 II
3010 821 3132 883 337
3157 842 3222 883 π.
3246 821 3384 882 285.
3409 820 3598 898 3699.

1472 918 1657 978 Lami
1687 918 1967 979 Deliciae
1995 918 2164 979 erud.
2196 919 2315 979 III
2348 920 2443 980 78.
2473 919 2935 997 Stampl1605.

1154 1116 1286 1176 108.
2130 1115 2421 1193 Faqiano
2464 1114 2558 1176 bei
2599 1115 2776 1184 Pina,
2823 1114 3004 1188 (nach
3044 1114 3125 1175 25
3168 1114 3374 1178 Μᾶνι)
3421 1101 3596 1175 1014.

1268 1213 1680 1294 Privilegium
1724 1215 2101 1276 Heinrici
2143 1211 2225 1273 II
2269 1215 2422 1292 imp.
2468 1233 2586 1292 pro
2625 1210 2921 1273 LXXIII
2964 1214 3287 1273 canonicis
3327 1211 3501 1272 Vult.

1473 1312 1633 1374 Volt.
1678 1312 1919 1374 AVesc.
1963 1331 2015 1371 s.
2063 1310 2172 1370 XI
2208 1311 2333 1372 dec.
2379 1312 2420 1373 2
2460 1332 2524 1372 n.
2568 1310 2609 1371 3
2649 1309 2821 1386 oriq.
2907 1309 3068 1372 Edd.
3099 1310 3449 1371 Ammirato
3487 1309 3597 1371 Ve-

1466 1411 1632 1471 soom·
1670 1411 1738 1472 di
1769 1410 2013 1471 Fiesole
2042 1417 2143 1470 etc.
2175 1409 2256 1469 80
2285 1414 2504 1486 (πει).
2540 1408 2855 1469 Muratori
2886 1408 3309 1485 Antiquitates
3359 1407 3412 1469 V
3452 1407 3594 1468 237.

1466 1507 1766 1569 Leoncini
1798 1508 1937 1568 396.
1971 1507 2385 1567 Monumenta
2414 1505 2782 1567 Germaniae
2824 1505 3185 1582 Diplomata
3230 1504 3307 1564 II
3315 1505 3365 1576 I,
3409 1505 3593 1583 Dipl.

1464 1605 1728 1666 Henrici
1772 1605 1851 1665 II
1889 1604 2013 1665 357
2053 1624 2118 1664 n.
2162 1600 2529 1680 292.’Βε99.
2564 1602 2832 1664 ΒόΙιηιετ
2861 1604 3039 1664 1112.
3069 1602 3325 1681 Stumps
3351 1602 3532 1663 1608.

1147 1800 1279 1860 109.
2610 1798 3057 1876 Maqraeynano,
3102 1797 3182 1858 13
3219 1797 3370 1858 Juli
3410 1798 3593 1858 1015

1260 1897 1582 1979 Henrigus
1623 1900 1778 1975 imp.
1822 1916 1881 1957 a.
1927 1896 2055 1973 1¹),
2103 1897 2206 1957 III
2251 1896 2340 1957 id.
2383 1896 2517 1969 iul„
2561 1896 2694 1958 ind.
2737 1895 2930 1955 XIII.
3016 1894 3593 1972 Benedictus)

1138 2015 1238 2074 ep.
1283 1995 1496 2056 Volot.
1526 1994 1710 2056 dedit
1734 1995 1943 2055 Vivo
1983 1993 2193 2073 presb.
2223 1992 2271 2055 f.
2302 1994 2366 2055 b.
2396 2012 2481 2054 m.
2514 1993 2716 2054 Eritie
2758 1994 2823 2053 in
2849 2012 3044 2054 causa
3069 1994 3597 2054 commutationis

1139 2113 1270 2154 una
1310 2095 1486 2171 petia
1527 2093 1608 2154 de
1650 2100 1819 2153 terra
1862 2093 1930 2154 in
1969 2090 2142 2153 Colle
2185 2092 2356 2163 Alto,
2401 2111 2529 2171 que
2570 2098 2749 2152 tenet
2791 2092 2856 2152 in
2899 2096 3091 2164 terra,
3141 2111 3267 2171 que
3303 2091 3432 2152 fuit
3480 2092 3592 2171 qd.

1135 2190 1337 2254 Uuidi
1377 2191 1424 2253 f.
1469 2191 1531 2252 b.
1579 2211 1663 2251 m.
1705 2190 1964 2253 Teberti
2007 2197 2074 2251 et
2117 2190 2308 2252 modo
2336 2192 2586 2252 detinet
2616 2189 2897 2251 Rodulfo
2939 2190 2985 2251 f.
3030 2191 3093 2252 b.
3141 2211 3223 2251 m.
3254 2190 3493 2264 Gontii‚
3525 2193 3595 2252 in

1138 2297 1307 2350 terra
1347 2290 1561 2351 Teutii
1602 2289 1648 2350 f.
1692 2289 1756 2350 1).
1800 2309 1887 2351 m.
1919 2288 2219 2351 Gaidaldi
2260 2297 2327 2350 et
2371 2288 2720 2352 Rodilandi
2763 2288 2807 2348 f.
2852 2289 2915 2350 b.
2959 2309 3045 2351 m.
3075 2289 3295 2364 Uuidi,
3324 2291 3433 2369 qui
3463 2288 3592 2351 fuit

1136 2389 1507 2449 vicecomes.
1606 2388 1875 2467 Recepit
1928 2408 1969 2450 a
2011 2387 2362 2467 presbitero
2418 2407 2548 2450 uns
2604 2388 2778 2465 petia
2831 2388 2912 2449 de
2967 2394 3140 2450 terra
3178 2389 3247 2450 in
3285 2388 3425 2449 loco
3478 2387 3592 2448 ubi

1134 2486 1258 2547 dic.
1290 2506 1330 2546 a
1384 2485 1627 2547 Cerrito
1685 2485 1884 2547 Plano
1939 2505 2139 2565 prope
2195 2486 2333 2547 loco
2388 2484 2804 2564 Sprinalbita,
2860 2505 2986 2565 que
3043 2492 3221 2547 tenet
3273 2486 3339 2546 in
3395 2492 3589 2558 terra,

1133 2602 1257 2662 que
1300 2582 1428 2644 fuit
1468 2583 1577 2661 qd.
1622 2581 1979 2645 Ildibrandi
2019 2582 2066 2645 f.
2113 2583 2176 2644 b.
2220 2602 2308 2644 m.
2354 2582 2688 2646 Adslberti
2742 2586 2855 2663 qui
2909 2584 3120 2645 Atitio
3174 2603 3313 2645 voc.
3358 2583 3590 2644 Missus

1132 2682 1213 2742 de
1255 2700 1401 2768 pars
1443 2701 1542 2760 ep.
1586 2680 1713 2742 fuit
1753 2681 2040 2742 Liutolfo
2078 2680 2127 2743 f.
2172 2680 2235 2741 1).
2280 2701 2367 2743 m.
2413 2681 2707 2756 Arduini,
2749 2687 2814 2743 et
2858 2682 3070 2743 idonei
3111 2680 3401 2743 homines
3457 2682 3586 2743 Ro·

1130 2778 1311 2840 dulfo
1352 2782 1465 2859 qui
1508 2778 1705 2840 Rotio
1747 2798 1888 2840 voc.
1929 2777 1978 2840 f.
2023 2778 2087 2839 b.
2133 2799 2220 2840 m.
2275 2779 2611 2853 Teudaldi‚
2661 2779 2893 2840 Teutio
2933 2785 3001 2839 et
3040 2778 3256 2840 Uuido
3299 2787 3433 2839 not.
3479 2800 3586 2861 gg.

1130 2877 1176 2937 f.
1222 2876 1283 2937 b.
1332 2898 1414 2937 m.
1461 2876 1780 2940 Gaidaldi.
1868 2878 2013 2939 Act.
2059 2878 2197 2939 loco
2239 2881 2415 2940 intus
2455 2878 2717 2939 castello
2745 2877 2827 2937 de
2869 2877 3353 2958 Magrangnano
3380 2880 3586 2940 territ.

1128 2975 1363 3036 Volot.‘
1430 2976 1819 3037 Benedictus
1859 2996 1959 3055 ep.
2005 2976 2170 3037 Vivo
2207 2976 2416 3056 presb.
2448 2978 2679 3037 Petrus
2706 2976 2900 3038 iudex
2928 2977 3082 3055 imp.
3113 2995 3196 3037 ss.
3226 2974 3288 3038 S.
3321 2996 3406 3036 m.
3438 2978 3586 3037 Liu-

1129 3073 1267 3134 tolfi
1310 3076 1504 3136 missi.
1548 3074 1761 3136 Teutii
1802 3075 1914 3154 qui
1962 3075 2352 3136 existimavi.
2401 3074 2620 3136 Uuido
2665 3080 2802 3135 not.
2846 3075 2958 3154 qui
2999 3075 3388 3136 existimavi.
3434 3074 3585 3134 Rol-

1128 3172 1391 3249 lando³)
1446 3174 1558 3252 qui
1606 3174 1996 3235 existimavi.
2049 3170 2111 3234 S.
2165 3193 2248 3233 m.
2279 3172 2572 3255 [Grasolfi
2619 3173 2666 3235 f.
2718 3172 2780 3233 b.
2834 3193 2917 3233 m.
2966 3174 3124 3233 item
3188 3172 3458 3235 Grasolfi
3500 3179 3583 3232 tt.

1127 3269 1491 3332 Gherardus
1535 3278 1668 3332 not.
1713 3274 1843 3350 inp.

1455 3369 1614 3431 Volt.
1659 3370 1900 3431 AVesc.
1943 3388 1995 3429 s.
2043 3369 2230 3429 XIII
2271 3370 2396 3429 dec.
2442 3369 2483 3430 2
2525 3390 2587 3428 n.
2632 3369 2673 3430 2
2714 3368 2887 3446 Oriq.

1130 3565 1263 3625 110.
2742 3564 3039 3636 Voum,
3081 3565 3122 3626 2
3163 3565 3358 3643 April
3399 3566 3577 3626 1017.

1245 3663 1560 3724 Hem-icus
1602 3664 1753 3742 imp.
1799 3683 1857 3723 a.
1902 3670 2157 3743 quarm,
2202 3671 2509 3743 quartum
2551 3684 2702 3725 non.
2748 3683 2906 3742 apr„
2954 3663 3082 3725 ind.
3127 3662 3272 3724 XV.
3358 3664 3576 3726 Gum-

1123 3759 1403 3821 fredus
1446 3759 1759 3819 Voloterr.
1804 3779 1903 3839 ep.
1949 3780 2063 3839 per
2104 3780 2485 3825 consensum
2515 3761 2923 3822 sacerdotum
2965 3780 3106 3822 can.
3153 3781 3438 3822 meorum
3467 3781 3576 3822 seu

1122 3857 1350 3918 levitas
1378 3856 1589 3935 adque
1611 3860 1854 3918 ciratici
1883 3858 2110 3920 ordino
2138 3858 2459 3920 Uuiberto
2482 3858 2691 3938 presb.
2715 3858 2760 3920 f.
2787 3858 2850 3919 b.
2881 3878 2967 3918 m.
2999 3860 3239 3920 Amitic
3265 3868 3332 3920 et
3359 3859 3576 3921 Uuillo

1120 3976 1231 4016 seu
1260 3955 1522 4016 Bonitio
1551 3976 1654 4035 gg.
1679 3956 2013 4035 presbiteri
2035 3956 2080 4017 f.
2109 3956 2629 4037 Hermingharda
2654 3960 2724 4019 in
2743 3957 2927 4036 plebe
2956 3957 3326 4037 baptismali
3355 3967 3573 4019 nostra

1118 4074 1168 4115 s.
1194 4055 1392 4115 Mat-ie
1420 4061 1483 4113 et
1527 4073 1577 4113 s.
1623 4054 1927 4115 Iohannis
1968 4056 2095 4114 sito
2137 4055 2405 4116 Fabrica
2448 4075 2592 4116 cum
2621 4060 2667 4133 ⁴)
2710 4062 3024 4135 quattuor
3056 4057 3450 4117 sistariorum
3493 4056 3574 4116 de

1119 4157 1289 4212 terra
1330 4156 1397 4209 et
1437 4150 1863 4213 decimatione
1904 4151 1984 4211 de
2026 4151 2298 4214 duodeci
2338 4152 2665 4215 decimalis
2706 4151 2785 4213 de
2822 4152 3025 4233 plebe,
3055 4153 3273 4217 Uuillo
3314 4153 3360 4214 f.
3391 4152 3453 4213 b.
3485 4173 3568 4214 m.

1116 4247 1454 4309 Gumberti
1496 4248 1575 4309 de
1618 4248 1802 4320 Celle,
1835 4250 2003 4312 Urso
2030 4251 2112 4312 de
2141 4250 2381 4324 Cassle,
2429 4251 2808 4330 Leoprando
2850 4258 2919 4312 et
2962 4251 3280 4314 Iohannes
3320 4252 3401 4313 de
3443 4251 3568 4311 Me-

1068 4556 1072 4560 Δ
1256 4482 1295 4543 ¹)
1351 4480 1618 4530 Violmehr
1666 4481 1740 4531 II.
1961 4484 2004 4547 ²)
2053 4483 2196 4533 Eine
2243 4499 2346 4533 von
2395 4485 2660 4535 Heinrich
2709 4485 2796 4544 ΙΙ,
2848 4487 2980 4536 oben
3026 4501 3079 4536 n.
3134 4488 3252 4545 108,
3307 4487 3424 4538 und
3471 4490 3569 4538 Ce-

1115 4570 1275 4620 Ieetin
1311 4568 1398 4627 II,
1434 4576 1601 4620 umen
1638 4587 1690 4619 n.
1733 4573 1853 4631 168,
1894 4572 2153 4622 erzodhme
2193 4573 2520 4637 Schenkunq
2567 4574 2786 4634 Bisa-hol
2825 4575 3111 4625 Benodikts
3155 4590 3231 4626 <m
3273 4576 3362 4626 die
3395 4576 3565 4627 Oano-

1115 4660 1242 4710 πᾶσα
1276 4661 1347 4710 int
1383 4661 1628 4711 ver-Ioron.
1766 4662 1811 4723 ¹²)
1849 4662 1925 4711 Ea
1962 4663 2033 4712 ist
2067 4663 2240 4714 sicher
2274 4665 2520 4721 dersabe,
2558 4666 2649 4715 der
2685 4665 2814 4716 oben
2855 4665 3061 4727 Rodulf
3095 4665 3270 4717 heim.
3383 4668 3424 4727 ⁴)
3465 4667 3570 4717 Er-

1115 4753 1277 4811 adm
1316 4765 1463 4811 agro.
