4000 5700
1251 504 1358 557 330
1891 502 2339 557 REGESTUM
2377 503 3065 558 VOLATERRANUM

1248 699 1424 759 Cam.
1481 698 1709 759 Fratre
1761 698 1988 777 Ugone
2042 699 2125 758 de
2167 698 2339 759 Vult.
2384 703 2453 757 et
2505 698 2707 759 fratre
2770 699 3123 760 Benedicto
3182 698 3265 760 de
3325 698 3501 761 Sen‘ss
3562 702 3691 760 ord.

1247 794 1432 856 Pred.
1461 796 1663 857 Iunta
1689 796 2028 857 archidiae.
2060 801 2129 856 et
2154 794 2381 857 Laudo
2408 815 2546 856 can.
2578 797 2753 858 Vult.
2786 802 2863 857 tt.
2935 796 3539 870 MOCLXXXXVI,
3568 798 3690 858 ind.

1250 893 1332 965 X,
1379 893 1650 954 XVIIII
1689 892 1951 973 optubr.

1367 991 1644 1052 Veniens
1685 991 1855 1053 Ube
1874 1000 2051 1052 rtus
2078 991 2321 1052 electus
2342 993 2757 1052 renuntiavit.
2842 993 2984 1053 Aet.
3016 992 3126 1053 ibi.
3198 993 3487 1054 Ventura
3512 1012 3695 1054 cano·

1178 1134 1194 1153 .
1247 1090 1386 1150 nice
1427 1094 1612 1168 porte
1639 1088 1844 1150 Silicis
1871 1090 2098 1168 priore.
2130 1090 2390 1150 Andrea
2416 1091 2625 1169 priore
2653 1091 2957 1151 canonice
2984 1091 3066 1151 de
3094 1092 3455 1152 TreccianO.
3487 1091 3691 1151 Presb.

1249 1187 1505 1249 Olivero
1545 1196 1806 1257 rectore,
1829 1187 1980 1248 eccl.
2024 1188 2104 1248 de
2150 1188 2478 1249 Lascisno.
2566 1190 2698 1249 XX
2741 1190 2982 1251 ottubr.

1368 1287 1780 1349 Ranerius
1819 1308 1937 1366 ep„
1980 1288 2085 1347 cui
2126 1287 2243 1348 soli
2289 1293 2672 1364 patronatus
2710 1287 2965 1348 Adelmi
3005 1278 3342 1367 contingit,
3384 1308 3529 1349 cum
3569 1287 3693 1347 Fri·

1245 1384 1480 1445 dianus
1519 1386 1693 1464 prior
1732 1383 2088 1447 Camaldul.
2134 1386 2727 1446 excommunicatus
2780 1386 2882 1457 sit,
2928 1386 3203 1447 eundem
3244 1384 3627 1447 Ubertinum
3656 1387 3693 1459 ¹)

1249 1482 1732 1560 postulavimus,
1821 1482 1960 1542 Act.
2006 1480 2114 1541 ibi.
2200 1479 2516 1543 Palmerio
2557 1482 2941 1561 archipresb.
2989 1482 3321 1543 Rusticcio
3360 1489 3427 1544 et
3478 1480 3695 1542 hudo

1246 1597 1386 1638 can.
1431 1578 1604 1639 Vult.
1649 1578 1875 1639 Fratre
1917 1578 2143 1658 Ugone
2170 1577 2253 1637 de
2292 1578 2624 1639 Ubertinis
2664 1579 2797 1639 ord.
2844 1578 3025 1639 Pred.
3073 1578 3390 1657 Oppizino
3430 1577 3696 1658 plebano

1246 1673 1328 1735 de
1370 1675 1594 1736 Morba
1633 1682 1716 1736 tt.
1803 1674 1873 1735 I[
1912 1694 2065 1736 nov.

1371 1771 1786 1834 Robertus
1821 1775 1863 1849 ¹)
1909 1773 2148 1833 clectus
2190 1775 2431 1852 recepit
2478 1780 2563 1843 et,
2608 1791 2755 1833 cum
2806 1773 2978 1852 prior
3023 1770 3308 1834 Camald.
3358 1771 3695 1852 impeditus

1245 1870 1351 1941 sit,
1396 1890 1437 1930 a
1477 1870 1895 1950 Raynerio
1936 1889 2034 1949 ep.
2065 1872 2319 1949 petivit,
2350 1877 2425 1931 ut
2445 1870 2951 1943 confirmaretur;
2980 1890 3110 1949 qno
3132 1871 3385 1933 factoei
3409 1869 3693 1931 obedien·

1249 1968 1410 2029 tiam
1433 1969 1743 2046 promisit.
1817 1966 2062 2031 Eodem
2085 1966 2206 2027 die.
2280 1967 2695 2029 Geminianus
2716 1967 2927 2047 Geppi
2947 1968 3029 2029 de
3058 1967 3335 2047 Useppis
3361 1969 3443 2029 de
3468 1966 3695 2029 Sancto

1248 2063 1626 2125 Geminiano
1670 2071 1804 2126 not.

1573 2163 1728 2225 Volt.
1775 2163 2013 2224 AVesc.
2058 2182 2107 2223 s.
2152 2161 2340 2223 XIII
2382 2164 2503 2224 dec.
2535 2162 2998 2245 104n.190r2·9.
3030 2163 3213 2224 Liber
3238 2164 3477 2223 iuriam
3504 2162 3588 2223 10
3605 2162 3692 2222 cit.

1237 2447 1383 2508 1971.
2808 2447 3086 2518 Florenz,
3130 2446 3172 2507 8
3210 2445 3489 2507 Februar
3526 2445 3693 2506 1297.

1365 2545 1974 2617 MOCLXXXXVI,
2020 2545 2148 2606 ind.
2182 2546 2266 2617 X,
2294 2546 2401 2606 die
2429 2546 2677 2606 veneris
2704 2544 2871 2605 VIII
2910 2544 3036 2605 feb.
3122 2543 3695 2624 Ingherramus

1245 2661 1514 2703 comes
1567 2643 1661 2702 de
1719 2642 2061 2703 Biserno
2092 2643 2160 2717 ¹),
2216 2643 2591 2720 capitaneus
2646 2642 2822 2704 tallie
2864 2644 3194 2703 societatis
3246 2641 3473 2702 Tuscie
3521 2659 3693 2720 gene·

1243 2739 1411 2811 ralis,
1455 2739 1611 2801 fecit
1653 2740 2036 2801 Benvenuto
2076 2740 2230 2801 olim
2271 2739 2556 2801 Micholis
2596 2740 2678 2802 de
2718 2739 2893 2800 Vult.
2940 2760 3055 2818 pro
3084 2742 3340 2801 comuni
3368 2739 3693 2800 refutatio·

1247 2858 1392 2898 nem
1437 2841 1516 2900 de
1557 2857 1728 2917 paga
1766 2845 1834 2898 et
1873 2837 2210 2916 stipendiis
2252 2840 2382 2899 suis
2424 2848 2492 2899 et
2533 2840 2669 2900 eius
2724 2838 2964 2900 familie
3017 2847 3088 2900 et
3144 2838 3207 2898 X
3250 2838 3528 2900 militum
3583 2836 3692 2897 sibi

1247 2956 1360 3014 per
1407 2938 1854 2998 ordinamenta
1910 2938 2236 2998 societatis
2290 2957 2733 3000 concessorum
2786 2938 2854 2998 in
2909 2938 3005 2998 VI
3060 2936 3383 2998 mensibus
3438 2937 3525 2997 ad
3578 2953 3693 2995 me·

1246 3037 1426 3097 dium
1471 3043 1678 3107 mart.;
1704 3056 1864 3113 pen.
1912 3037 2091 3115 dupli
2135 3038 2291 3108 eius,
2336 3038 2509 3098 unde
2550 3047 2862 3116 ageretur,
2908 3045 2975 3098 et
3002 3038 3264 3115 insuper
3290 3036 3472 3115 dupli
3512 3036 3691 3096 infra-

1243 3136 1480 3213 scripte
1522 3134 1931 3212 quantitatis,
1976 3135 2279 3216 dampna,
2324 3154 2652 3214 expensas
2709 3135 3051 3196 Confessus
3106 3135 3232 3194 fuit
3273 3153 3340 3194 se
3401 3133 3694 3213 recepisse

1246 3230 1504 3292 florinos
1549 3230 1780 3293 XVIII
1824 3232 1903 3292 de
1961 3251 2136 3305 aum,
2181 3232 2396 3292 soldos
2459 3232 2640 3298 XVI.
2697 3233 2841 3294 den.
2904 3231 3005 3292 XI
3059 3232 3192 3292 flor.
3251 3251 3432 3310 parv.
3558 3229 3691 3290 Act.

1244 3327 1409 3389 Flor.
1455 3330 1521 3389 in
1561 3329 1757 3390 domo
1799 3328 2123 3390 Belindoti
2168 3332 2379 3408 posita
2421 3331 2488 3390 in
2530 3330 2734 3408 burgo
2773 3349 2821 3390 s.
2864 3329 3214 3390 Laurentii.
3301 3328 3533 3390 Bondo
3576 3326 3694 3406 ple·

1246 3426 1416 3488 bano
1458 3426 1660 3505 plebis
1702 3427 1784 3486 de
1826 3425 2257 3488 Monteviridi.
2305 3427 2565 3489 Chelino
2608 3428 2760 3488 olim
2804 3428 3045 3507 Berghi
3084 3427 3165 3487 de
3208 3426 3523 3489 Bibbona.
3566 3425 3692 3486 Cia-

1247 3523 1507 3585 bactino
1533 3526 1766 3585 nuntio
1794 3526 2085 3585 comunis
2113 3524 2288 3585 Vult.
2322 3532 2399 3586 tt.
2487 3525 2731 3604 Symon
2761 3525 2956 3588 iudex
2987 3533 3054 3585 et
3082 3534 3215 3586 not.
3248 3524 3402 3585 olim
3427 3521 3695 3585 Lucterii

1245 3622 1326 3682 de
1366 3621 1593 3682 Castro
1633 3621 2008 3684 Florentino
2048 3628 2112 3682 et
2158 3641 2326 3684 nunc
2370 3625 2694 3702 capitanei
2734 3624 2959 3685 scriba.

1565 3719 1822 3779 Florenz
1867 3721 2017 3781 Ast.
2067 3721 2250 3795 (Volt.
2296 3720 2457 3782 1296
2497 3721 2578 3781 II
2620 3720 2677 3794 8,
2720 3742 2781 3781 π.
2827 3721 3012 3799 1335)
3054 3722 3225 3798 Θήρ.

1393 4006 1437 4072 ¹)
1474 4008 1549 4057 So
1572 4008 1659 4057 die
1704 4008 1988 4064 Urkunde,·
2028 4008 2282 4058 Ubertus
2313 4009 2738 4076 und-Robertus
2763 4010 2927 4072 ychen
2954 4011 3016 4058 in
3040 4010 3074 4059 I
3079 4009 3248 4059 talien
3272 4009 3497 4070 vicllaoh
3518 4007 3694 4058 diarch-

1246 4096 1521 4155 einander,
1554 4098 1668 4146 und
1707 4098 1891 4147 cbenso
1928 4098 2093 4156 findet
2129 4098 2245 4147 sich
2283 4099 2375 4147 ein
2409 4099 2587 4148 Name
2613 4099 2736 4148 bald
2758 4099 2875 4155 mit,
2913 4099 3038 4149 bald
3073 4100 3209 4148 ohne
3244 4099 3334 4149 die
3369 4098 3694 4148 Dan-inuniv-

1242 4185 1482 4248 E'ndunq
1525 4187 1672 4235 ·inu⁴
1710 4188 1833 4236 oder
1870 4188 2043 4237 -ellus.
2178 4187 2244 4253 ⁸³)
2281 4187 2405 4236 Aue
2440 4188 2561 4237 dem
2596 4189 2785 4238 Haase
2824 4188 3195 4238 Uber-ardesco.
3279 4177 3419 4238 Uber
3451 4187 3551 4237 {Im
3586 4185 3690 4236 und

1243 4274 1388 4324 aeine
1433 4259 1956 4334 Unaerbesehcshaber'
1993 4275 2171 4324 mecm
2196 4277 2427 4325 Per-rens
2451 4276 2692 4326 Ηίθεοι-νο
2716 4278 2780 4327 aa
2817 4277 3069 4326 Florem
3093 4277 3165 4327 ιι
3207 4278 3311 4327 433
3349 4275 3689 4336 Anmorkunq

1247 4366 1276 4414 1
1323 4363 1499 4426 einiqe
1543 4364 1823 4426 Anqaben.
1877 4364 2178 4425 Verqlev‘ohe
2216 4365 2536 4414 Davidoolm
2573 4366 2956 4428 Forschunqen
2994 4367 3066 4416 II
3106 4367 3210 4416 243
3235 4381 3289 4416 n.
3336 4366 3491 4415 1863.
3537 4365 3691 4418 1871.-

1247 4454 1349 4504 :244
1397 4467 1450 4501 n.
1505 4454 1656 4502 1876.
1713 4455 1863 4503 1892.
1919 4455 2084 4510 183&
2136 4455 2237 4503 :215
2286 4469 2341 4504 n.
2384 4456 2548 4510 1335:
2592 4456 2695 4504 246
2734 4471 2786 4504 n.
2832 4457 2985 4505 1892.
3027 4457 3181 4505 1894.
3222 4455 3362 4505 1897
3401 4455 3528 4519 (von
3565 4455 3691 4504 1:297

1242 4541 1467 4590 Jamaar
1505 4543 1536 4591 2
1572 4541 1655 4592 bie
1687 4543 1970 4592 Dezember
1996 4544 2105 4606 27).
2143 4543 2224 4592 Er
2260 4543 2352 4592 hat
2387 4544 2474 4593 die
2514 4544 2704 4593 Macht
2739 4545 2831 4593 der
2854 4544 3223 4594 toseanischen
3250 4544 3392 4606 Liqa
3428 4543 3691 4594 bmndm

1244 4628 1343 4693 fiir
1367 4631 1510 4678 Boni
1510 4631 1596 4690 saz
1631 4631 1784 4680 VIII
1812 4647 1975 4694 qeqen
2000 4632 2087 4680 die
2126 4631 2373 4681 Golonna
2390 4647 2457 4680 zu
2478 4633 2783 4682 ver-wenden
2803 4634 3014 4696 qehabt:
3037 4633 3387 4696 Greqorovius
3406 4631 3691 4683 &echichen

1243 4719 1502 4767 der-Stadt
1549 4721 1684 4768 Rom
1733 4720 1810 4768 im
1861 4720 2174 4769 Mittelalter
2233 4721 2276 4770 V
2318 4724 2438 4780 523,
2477 4722 2570 4770 der
2606 4722 2705 4770 itm
2740 4722 3046 4772 irretimlich
3089 4723 3186 4772 ‘di
3222 4720 3490 4770 Bisanzo’
3519 4725 3690 4770 neunt.
