4000 5700
1050 542 1495 598 REGESTUM
1531 544 2090 598 VOLATER-RAN
2100 545 2216 599 UM
2756 547 2784 599 1
2794 551 2818 598 l
2828 545 2865 597 5

402 738 711 801 Iohannis
753 739 1075 801 Guictoni.
1164 739 1485 803 Iohannes
1525 760 1624 820 ep.
1669 741 1860 813 Flor.,
1907 742 2134 803 Frater
2174 741 2386 803 Guido
2414 744 2587 821 prior
2613 743 2862 804 Camal-

400 836 684 899 dulensie
724 858 803 898 66.
889 837 1246 900 Restaurus
1288 837 1481 899 iudex
1525 844 1591 899 et
1633 838 1916 901 tabellio.

733 935 892 996 Volt.
937 935 1177 999 AVaeo.
1220 956 1273 998 ε.
1316 935 1506 996 XIII
1546 937 1670 999 dec.
1726 937 1767 997 2
1808 956 1871 997 n.
1904 937 1985 998 17
2025 939 2171 999 zwei
2226 937 2438 1016 Oriqq.
2487 938 2624 1014 (das
2663 940 2863 1002 zweite

723 1032 1002 1190 ghzeo'die
1026 1033 1086 1095 U
1087 1033 1383 1095 mareolam·
1383 1033 1435 1111 st
1453 1034 1559 1096 des
1580 1032 2339 1114 Gamaldulencoepriors).
2423 1036 2605 1097 Liber
2622 1037 2864 1098 iuriam

770 1177 783 1189 .
938 1132 1039 1191 cit.

404 1325 544 1386 325.
1466 1326 1696 1404 (Rom),
1743 1325 1848 1403 (22
1874 1326 2155 1387 Februar
2178 1363 2261 1372 —
2284 1327 2646 1406 November)
2682 1328 2863 1391 1214.

528 1421 1080 1485 Innocentius
1122 1423 1256 1484 III
1298 1424 1599 1503 episcopo
1624 1424 2091 1500 ¹)Florentino.
2176 1425 2354 1486 Vult.
2383 1445 2484 1504 ep.
2514 1426 2865 1506 adpapam

406 1522 876 1598 querimoniam
916 1521 1290 1594 destinavit,
1334 1522 1513 1601 quod
1552 1527 1840 1601 potestas
1864 1527 1908 1599 ⁹)
1940 1528 2008 1582 et
2043 1542 2313 1584 comune
2342 1522 2649 1585 86666666
2676 1544 2868 1604 super

407 1617 692 1695 quadam
732 1621 1025 1698 pecunia,
1069 1620 1276 1691 terrie,
1318 1619 1699 1694 redditibuS,
1741 1620 1945 1681 rebus>
1973 1621 2114 1682 61116
2154 1622 2366 1700 ipsum
2420 1627 2489 1683 et
2543 1622 2693 1683 6661.
2736 1642 2866 1684 666

408 1721 666 1776 6666661
718 1715 1005 1777 indebite
1058 1718 1419 1778 molestare.
1484 1717 1773 1790 Mandat,
1840 1723 2163 1797 quatenus
2216 1718 2503 1799 [causam
2559 1721 2865 1801 decidat}

407 1811 483 1891 ‹[
488 1858 645 1872 .....
651 1814 676 1892 ]
718 1813 804 1873 ad
842 1832 961 1874 nos
980 1833 1028 1873 ι).
1114 1814 1298 1894 [Dat.
1342 1815 1647 1876 Laterani
1693 1861 1883 1876 ......
1928 1822 2111 1895 pont.
2155 1817 2461 1896 eethimo
2501 1818 2772 1879 decimo.

729 1912 934 1973 [ποατ
974 1913 1046 1973 in
1088 1934 1151 1973 n.
1181 1913 1321 1974 326.
1365 1912 1645 1990 (Schluee
1683 1913 2057 1991 zerjreesen).

412 2109 551 2171 326.
1905 2108 2186 2181 Florem,
2215 2108 2297 2171 22
2321 2109 2659 2170 November
2685 2108 2865 2170 1214.

533 2205 854 2268 Iohannes
895 2207 1303 2269 Florentinus
1343 2226 1444 2286 ep.
1475 2226 1666 2286 super
1692 2209 2130 2268 controversia
2171 2208 2342 2268 inter
2376 2207 2467 2284 (P
2481 2227 2520 2267 a
2535 2228 2576 2287 g
2590 2227 2631 2267 a
2645 2227 2689 2268 n
2704 2227 2748 2267 u
2762 2227 2827 2267 m
2848 2211 2871 2285 )

409 2325 512 2384 ep.
557 2311 625 2366 et
665 2304 1046 2366 Guelfonem
1090 2311 1483 2385 potestatem
1524 2311 1589 2365 et
1620 2306 2107 2366 universitatem
2144 2304 2455 2367 86666666
2482 2305 2674 2366 iudex
2702 2304 2868 2366 dele-

409 2409 607 2483 gatus
634 2421 801 2482 pape
823 2406 870 2480 ³)
899 2404 1253 2480 pronuntio
1278 2403 1648 2481 episcopum
1677 2403 1744 2462 in
1771 2403 2234 2480 possessionem
2257 2402 2338 2463 de
2357 2402 2675 2464 Monterio
2701 2408 2769 2463 et
2791 2402 2874 2462 de

408 2501 723 2561 Fruosine
763 2506 832 2561 et
872 2499 953 2560 de
994 2499 1475 2580 Monteregione
1518 2500 1931 2574 mittendum,
1959 2504 2356 2578 potestatem
2383 2506 2695 2579 reputans
2723 2519 2870 2561 con-

411 2605 759 2670 tumacem;
792 2599 1052 2677 insuper
1079 2617 1197 2677 pro
1222 2597 1413 2658 rebus
1446 2597 1789 2659 mobilibus
1816 2598 2042 2678 petitis
2070 2599 2281 2677 ipsum
2314 2599 2384 2658 16
2410 2599 2872 2676 possessionem

413 2697 612 2757 castri
652 2696 1030 2757 Monticiani
1072 2697 1285 2756 mitto.
1368 2695 1514 2756 Act.
1560 2695 1727 2756 Flor.
1772 2697 1841 2755 16
1880 2695 2126 2775 palatio
2167 2714 2267 2774 ep.
2336 2694 2738 2768 MCCXIIII,
2771 2693 2873 2754 XI

413 2794 541 2855 kal.
585 2794 746 2869 deo.‚
788 2793 922 2855 ind.
967 2792 1074 2855 ΙΙΙ
1155 2795 1222 2855 16
1262 2812 1424 2872 pree.
1469 2812 1635 2874 mag.
1681 2792 2074 2874 Boninsigne
2128 2792 2385 2872 plebani
2437 2793 2871 2856 Castrifloren-

415 2895 557 2955 tini.
604 2892 956 2953 Bonacurei
997 2892 1158 2954 civis
1198 2892 1326 2953 Pis.
1372 2897 1528 2953 11166
1569 2893 1914 2971 potestatis
1954 2891 2156 2952 Prati.
2202 2891 2418 2953 Gundi
2457 2892 2503 2952 f.
2548 2893 2700 2953 olim
2743 2891 2875 2956 Lei.

415 2992 583 3053 Pieri
626 2992 959 3052 camerarii
999 3011 1096 3069 ep.
1140 2991 1308 3051 Flor.
1381 2990 1702 3051 Iohannes
1730 3009 1830 3069 ep.
1859 2990 2030 3051 Flor.
2061 2991 2264 3051 statui
2291 2996 2359 3050 et
2386 3010 2465 3050 66.
2552 2990 2876 3072 Henrigus

414 3090 613 3151 iudex
654 3094 721 3149 et
762 3098 899 3150 not.

746 3186 909 3249 Volt.
953 3186 1192 3248 AVeec.
1237 3205 1286 3246 3.
1340 3184 1529 3246 XIII
1570 3185 1694 3246 dec.
1731 3185 1772 3245 2
1823 3204 1887 3245 π.
1938 3184 2022 3245 18
2060 3184 2234 3262 Oriq.
2291 3185 2474 3246 Liber
2513 3187 2754 3247 iurium
2796 3185 2874 3247 8¹.

737 3284 820 3345 19
845 3286 945 3345 cit.
2918 3290 2923 3295 ’

420 3481 558 3543 327.
2004 3480 2303 3553 Volterra,
2331 3480 2670 3541 November
2693 3480 2876 3540 1214.

541 3575 998 3658 [ΜΟΟ]ΧΙΙΙΙ,
1029 3576 1159 3637 ind.
1193 3575 1318 3650 III,
1350 3576 1394 3657 [.
1419 3624 1465 3637 ..
1512 3576 1869 3655 no]vembr.
1955 3577 2335 3657 Paganus
2376 3596 2475 3655 ep.
2515 3576 2692 3637 Vult.
2729 3595 2874 3638 con-

419 3678 751 3738 stituimus
792 3675 836 3756 [.
860 3722 872 3735 .
894 3723 907 3736 .
930 3674 1158 3755 .]ulum
1198 3675 1279 3735 de
1319 3695 1367 3735 6.
1400 3675 1605 3736 Maria
1645 3681 1713 3737 61
1746 3675 2213 3737 cancellarium
2255 3674 2423 3755 [qd.]
2466 3674 2879 3736 Braccifortis

420 3774 699 3835 sindicoe
738 3792 886 3834 61166
926 3774 996 3834 in
1014 3772 1259 3834 'litibus
1295 3774 1598 3834 usurariis
1626 3774 1795 3834 inter
1822 3793 1889 3833 66
1917 3778 1984 3832 61
2012 3772 2275 3833 heredes
2303 3771 2643 3834 Gubertini
2685 3771 2879 3833 Guidi

422 3873 779 3934 Guarnerii.
863 3872 1011 3931 Act.
1057 3869 1285 3947 (Vult.)
1330 3870 1395 3930 in
1437 3869 1683 3948 palatio
1722 3889 1823 3948 ep.
1906 3870 2233 3949 presentia
2263 3868 2566 3931 Belfortis
2599 3869 2708 3950 qd.
2755 3869 2877 3930 Bo·

422 3971 771 4033 nefidanze.
818 3967 1195 4047 Bonaguide
1236 3968 1480 4029 Parisii.
1520 3968 1808 4029 Bonavie
1836 3966 2135 4028 Bandini.
2217 3967 2715 4034 *Bartholomeus
2739 3973 2878 4028 not.

754 4066 911 4129 Volt.
944 4065 1184 4128 AVeec.
1217 4065 1388 4143 App.
1418 4065 1728 4127 ooll’anno
1760 4084 1822 4126 n.
1854 4065 1895 4125 3
1937 4065 2001 4141 (I
2007 4064 2089 4126 ld.
2121 4064 2307 4141 Paq.)
2337 4064 2508 4140 Orio.
2557 4064 2719 4141 (sehr
2757 4084 2882 4125 zer·

742 4170 938 4242 stow).

426 4365 564 4426 328.
1917 4359 2319 4433 Pomarance,
2349 4360 2390 4420 3
2414 4358 2466 4419 J
2466 4378 2671 4420 αππιαν
2697 4359 2878 4419 1215.

548 4460 860 4532 MOCXV,
893 4459 1272 4519 Innocentio
1300 4478 1489 4538 papa,
1524 4457 1629 4518 III
1656 4477 1805 4520 non.
1837 4458 1987 4529 ian„
2020 4457 2151 4517 ind.
2185 4455 2310 4517 III.
2397 4455 2675 4517 Ianellus
2702 4454 2886 4517 iudos

422 4558 760 4639 delegatus
802 4557 1062 4618 Martini
1102 4575 1202 4634 ep.
1247 4561 1315 4616 et
1356 4555 1720 4617 Cortieonni
1762 4553 2070 4635 prepositi
2095 4554 2272 4615 Aret.
2304 4553 2391 4613 ad
2417 4559 2616 4614 testes
2643 4554 2880 4614 exami-

572 4766 621 4828 ¹)
660 4762 920 4816 Iohanni.
1066 4764 1108 4826 ¹³)
1148 4763 1382 4815 Guelfus
1417 4762 1489 4813 de
1525 4763 1785 4813 Pol-caria
1820 4761 1893 4812 de
1930 4762 2099 4813 Luca.
2247 4761 2291 4826 θ)
2326 4762 2485 4812 816116
2519 4777 2577 4812 n.
2617 4764 2741 4815 325.
2865 4734 2870 4741 ¹
