4000 5700
1052 533 1495 607 REGESTUM
1534 533 2224 588 VOLATERRANUM
2796 535 2882 591 27*

407 731 491 792 de
534 729 870 792 Cunerado
907 736 975 792 et
1017 729 1303 791 Rodulfo
1343 750 1444 810 gg.
1492 727 1764 790 Sichelm
1808 728 1853 790 f.
1886 730 1948 791 b.
1982 749 2069 789 m.
2113 732 2269 791 item
2306 728 2622 791 Sichelmi.
2668 730 2882 792 nditii·

408 829 452 889 f.
498 827 561 889 b.
608 849 692 888 m.
738 828 995 889 Ilduini.
1038 827 1367 888 Lamberti
1408 828 1456 888 f.
1495 826 1558 888 b.
1605 847 1689 887 m.
1722 830 1877 887 item
1907 827 2254 888 Lamberti.
2288 826 2701 888 Reimbertus
2731 835 2880 889 not..

410 929 563 1006 imp.
609 932 691 986 tt.
734 945 815 986 ss.
980 925 1373 987 Uualbertus
1417 931 1552 985 not.
1599 926 1730 1003 inp.

737 1024 896 1084 Volt.
941 1022 1181 1085 AVa-sc.
1225 1041 1275 1083 ε.
1322 1021 1387 1082 Χ
1428 1022 1560 1083 dee.
1610 1023 1647 1082 7
1688 1042 1752 1081 n.
1795 1022 1836 1082 5
1877 1021 2051 1098 Oria.

412 1191 509 1251 75.
2037 1191 2334 1259 Vellera,
2378 1190 2460 1251 10
2502 1189 2684 1251 Μᾶνκ
2725 1190 2880 1252 989ι

527 1288 1077 1369 Nongnentesimo
1118 1290 1533 1350 octuaiesimo
1580 1307 1772 1362 nono,
1823 1287 1918 1350 VI
1966 1287 2053 1348 id.
2113 1295 2326 1359 mart„
2371 1288 2503 1350 ind.
2550 1288 2639 1348 II.
2723 1288 2865 1349 An-

409 1388 603 1449 selm
622 1408 707 1449 us
748 1387 1087 1449 archidiac.
1130 1394 1199 1448 et
1239 1388 1601 1466 prepositus
1642 1406 1691 1447 s.
1738 1384 2077 1463 Ottabiani
2117 1387 2290 1447 iusta
2330 1386 2560 1448 domus
2588 1407 2637 1447 s.
2667 1387 2884 1449 Marie

409 1485 728 1563 episcopio
767 1483 981 1545 Volot.
1027 1503 1138 1563 per
1178 1502 1557 1544 consensum
1598 1482 2006 1545 sacerdotum
2030 1501 2170 1544 can.
2213 1483 2457 1544 fratum
2493 1484 2536 1559 ¹)
2579 1502 2866 1544 meorum

409 1600 521 1640 seu
563 1580 756 1641 levite
796 1587 864 1641 et
903 1581 1150 1641 ciratici
1190 1580 1301 1641 lib.
1344 1599 1518 1640 nom.
1560 1579 1649 1640 do
1689 1585 1887 1658 atque
1929 1579 2117 1640 firmo
2157 1578 2351 1640 Petro
2392 1579 2556 1640 diac.
2601 1577 2646 1638 f.
2690 1578 2880 1640 Petri.

409 1678 559 1738 eccl.
623 1698 674 1737 8.
733 1680 986 1757 angneli
1048 1677 1306 1739 Mihaeli
1371 1679 1435 1738 in
1497 1677 1852 1757 PappianO,
1922 1677 2353 1756 pertinentem
2416 1677 2501 1737 ad
2563 1697 2612 1737 s.
2679 1676 2862 1739 Otta-

410 1775 693 1846 bianum,
718 1795 866 1836 cum
894 1777 1143 1846 offerta,
1175 1794 1373 1855 quam
1404 1776 1741 1848 inveneris,
1773 1780 1839 1835 et
1867 1774 2131 1836 redditu
2171 1774 2346 1835 Petri
2376 1777 2681 1855 genitoris
2716 1796 2863 1837 cum

407 1873 700 1934 eredibus
739 1872 823 1933 ad
872 1874 1099 1934 eclesia.
1139 1893 1189 1932 8.
1235 1872 1540 1933 Iohannis
1582 1870 1876 1932 babtista
1916 1873 2089 1933 iusta
2131 1872 2280 1933 eccl.
2320 1892 2370 1933 s.
2403 1871 2741 1934 Ottebiani
2783 1874 2866 1936 de

408 1969 806 2031 laboratione
847 1973 911 2031 in
969 1970 1119 2031 villa
1173 1970 1254 2031 de
1309 1970 1645 2050 Pappiano
1703 1969 1984 2030 velomni
2030 1970 2158 2031 alio
2191 1970 2349 2042 loco,
2395 1971 2619 2031 vinum
2663 1972 2862 2032 linum

409 2067 692 2129 laborem
752 2068 975 2129 bestiis
1036 2075 1395 2152 argentum,
1461 2074 1537 2128 ut
1590 2087 1705 2146 per
1764 2073 1913 2128 tuos
1967 2067 2262 2128 sacerdos
2317 2073 2433 2128 aut
2487 2088 2602 2147 per
2653 2074 2739 2141 te,
2811 2072 2876 2131 si'

407 2167 724 2227 Dominus
753 2173 820 2228 te
848 2166 932 2227 ad
961 2167 1249 2228 ordinem
1291 2166 1753 2227 sacerdotalem
1794 2165 2191 2244 perduxerit,
2217 2165 2490 2226 offitium
2521 2166 2642 2227 Dei
2665 2166 2882 2227 facias.

408 2270 478 2325 et
516 2283 801 2324 annuam
856 2266 922 2324 in
962 2265 1107 2325 fest.
1165 2284 1215 2323 s.
1273 2265 1474 2324 Marie
1528 2265 1593 2323 in
1648 2283 1795 2343 aug.
1853 2263 1918 2324 in
1974 2262 2125 2323 eccl.
2183 2282 2233 2322 8.
2293 2261 2630 2324 Ottabiani
2683 2283 2878 2342 pens..

407 2381 540 2442 arg.
570 2361 717 2422 den.
746 2361 1017 2423 duodeci
1047 2361 1109 2422 b.
1138 2381 1285 2441 exp.
1315 2361 1524 2441 qualis
1550 2380 1664 2439 per
1706 2368 1904 2439 temp.
1950 2362 2071 2441 [o.]
2112 2360 2356 2432 solvas;
2400 2380 2546 2438 pen.
2584 2380 2717 2441 arg.
2747 2362 2860 2422 sol.

408 2459 547 2520 XL.
630 2460 776 2520 Act.
819 2458 1169 2520 Voloterre.
1269 2459 1572 2521 Anselmo
1611 2458 1950 2520 archidiac.
1995 2478 2078 2518 ss.
2123 2459 2408 2519 Amelius
2450 2458 2744 2519 sacerdos
2797 2465 2863 2520 et

407 2578 547 2619 can.
591 2578 674 2618 ss.
721 2557 1170 2618 Ermendricus
1197 2557 1406 2635 presb.
1438 2563 1505 2617 et
1533 2575 1675 2616 can.
1706 2576 1788 2616 ss.
1820 2556 2052 2617 Petrus
2080 2555 2243 2617 diac.
2273 2562 2340 2617 et
2368 2575 2509 2616 can.
2540 2575 2621 2616 ss.
2651 2556 2864 2618 Teuzo

406 2653 614 2733 presb.
658 2662 725 2716 et
767 2674 908 2716 can.
952 2675 1035 2715 ss.
1078 2655 1309 2715 Petrus
1350 2654 1644 2715 sacerdos
1672 2659 1742 2713 et
1766 2673 1908 2715 can.
1952 2673 2034 2714 88.
2079 2654 2293 2715 Teuzo
2344 2654 2555 2732 presb.
2599 2660 2667 2714 et.
2720 2675 2866 2716 can.

407 2772 489 2813 ss.
534 2753 874 2814 Rainerius
915 2753 1115 2814 levita
1155 2758 1223 2813 et
1263 2771 1404 2812 can.
1445 2771 1527 2812 88.
1570 2751 1903 2813 Albericus
1945 2752 2143 2813 levita
2183 2758 2432 2833 etz-can.
2475 2772 2558 2812 ss.
2587 2753 2884 2814 Uuinizo.

406 2859 489 2914 tt.
532 2873 614 2914 ss.
661 2852 835 2915 Otdo
876 2859 1012 2913 not.
1058 2854 1190 2931 inp.
1236 2858 1315 2912 tt.
1361 2872 1443 2912 88.
1486 2852 1833 2914 Tetbertus
1875 2852 2069 2913 iudex
2123 2853 2253 2931 inp.
2298 2871 2379 2912 ss.
2498 2850 2881 2914 Gherardus.

406 2955 541 3011 not.
586 2952 719 3030 inp.

734 3048 893 3111 Volt.
942 3047 1160 3126 AGap.
1204 3068 1268 3110 n.
1313 3047 1394 3109 37
1436 3047 1608 3126 Oriq.

409 3217 504 3279 76.
1967 3213 2266 3288 Volterra,
2309 3215 2390 3276 29
2430 3215 2680 3293 Auquet
2721 3217 2876 3278 990..

527 3314 1073 3393 Nongnentesimo
1114 3314 1527 3386 nonoiesimo,
1585 3320 1819 3393 quarto
1874 3312 2001 3374 kal.
2062 3318 2236 3382 sett„
2278 3311 2410 3373 ind.
2456 3314 2670 3374 tert-ia.
2732 3313 2859 3375 Pe-

407 3418 585 3473 trus
626 3412 838 3473 Volot.
869 3432 970 3491 ep.
1015 3411 1124 3471 lib.
1169 3430 1341 3471 nom.
1385 3411 1471 3472 do
1510 3410 1913 3472 Tincherado
1953 3411 2065 3490 qui
2106 3409 2364 3471 Cunitio
2393 3429 2533 3470 voc.
2577 3410 2622 3470 f.
2668 3410 2730 3471 b.
2777 3432 2879 3474 m.⁴

405 3510 663 3572 Viaderi
704 3511 953 3571 cassina
994 3530 1103 3571 seu
1154 3516 1326 3570 sorte
1381 3515 1447 3569 et
1501 3528 1601 3569 res
1658 3510 1722 3569 in
1770 3508 1978 3568 Butra
2033 3527 2232 3587 prope
2284 3507 2754 3569 Domesciatico
2796 3516 2862 3570 et

406 3627 603 3687 prope
645 3603 900 3679 Colline.
944 3628 1070 3686 que
1112 3625 1162 3666 r.
1211 3606 1340 3667 fuit
1396 3627 1508 3686 per
1562 3608 1671 3686 qd.
1729 3606 2004 3667 Iohanni
2054 3605 2492 3684 berbichai02)
2547 3613 2614 3667 et·
2670 3607 2862 3668 modo

403 3725 519 3785 per
544 3706 825 3767 Martino
867 3705 912 3766 f.
957 3725 1095 3777 sue,
1140 3711 1215 3765 ut
1269 3705 1498 3766 reddas
1547 3724 1830 3765 annuam
1878 3723 2054 3783 pene..
2105 3724 2237 3783 arg.
2283 3704 2429 3765 den.
2479 3704 2753 3765 duodeci
2796 3705 2857 3765 b.

405 3823 548 3883 exp.
592 3805 799 3883 qualis
839 3825 952 3883 per
991 3811 1191 3884 temp.
1235 3824 1317 3878 o.;
1360 3824 1506 3882 pen.
1550 3823 1683 3883 arg.
1727 3803 1839 3863 sol.
1886 3802 2025 3864 LX.
2131 3803 2275 3863 Act.
2307 3801 2636 3863 Voloterre
2663 3823 2880 3883 prope

403 3902 745 3980 episcopio.
843 3902 1074 3963 Petrus
1114 3921 1215 3980 ep.
1245 3921 1326 3961 88.
1361 3900 1423 3961 S.
1456 3920 1541 3959 m.
1573 3902 1971 3979 promissore.
2015 3899 2377 3961 Uualberto
2405 3905 2485 3959 tt.
2519 3919 2599 3959 88.
2644 3900 2860 3961 Uuido

405 4004 485 4058 tt.
530 4018 612 4059 ss.
656 3999 719 4061 S.
765 4019 850 4059 m.
895 3999 1093 4061 Uuidi
1133 3999 1180 4060 f.
1226 4000 1289 4061 b.
1335 4019 1421 4059 m.
1465 3997 1821 4078 Teudinghi
1873 4003 1955 4059 tt.
2000 3996 2350 4058 Lemberto
2394 4004 2475 4057 t-t.
2520 4018 2601 4058 ss.
2694 3996 2876 4059 Orbe--

404 4096 629 4156 tardus
673 4104 809 4158 not.
854 4099 983 4177 inp.

730 4195 889 4258 Volt.
934 4196 1174 4259 AVesc.
1218 4212 1267 4256 8.
1309 4194 1377 4257 X
1418 4194 1542 4256 dec.
1574 4193 1614 4255 8
1640 4214 1703 4254 n.
1747 4193 1785 4253 1
1822 4193 1995 4272 Oriq.

405 4362 504 4423 77.
1997 4362 2295 4434 Volterra,
2340 4363 2379 4424 6
2420 4361 2676 4424 Oktober
2716 4362 2875 4425 990..

522 4462 1070 4542 Nongnentesimo
1110 4464 1524 4534 nonoiesimO,
1568 4460 1732 4540 prid.
1775 4480 1927 4523 non.
1973 4468 2124 4534 oct„
2156 4462 2287 4522 ind.
2339 4460 2500 4522 1111.
2586 4461 2856 4522 Ansel-

403 4578 572 4620 mus
626 4560 965 4622 archidiac.
1022 4566 1088 4621 et
1144 4561 1506 4640 prepositus
1563 4580 1611 4618 8.
1658 4558 1995 4620 Ottabiani
2052 4561 2222 4620 iusta
2264 4561 2492 4621 domus
2534 4561 2879 4639 episcopio-

552 4750 592 4814 ¹)
631 4750 717 4800 So.
866 4753 908 4813 2)
948 4769 1016 4798 :·-
1037 4751 1434 4810 vet-venariam,
1472 4754 1753 4815 pastorem
1792 4750 2001 4799 ovium.
