4000 5700
1125 503 1568 556 mam-:srvat
1613 501 2283 555 vohAsEstRANUM
2832 502 2936 553 303

477 697 616 756 899.
2186 696 2361 767 Pisa,
2406 696 2487 757 17
2534 698 2715 757 Mc'irz
2755 696 2932 757 1283.

595 793 990 857 Tomasus
1033 793 1348 874 plebanus
1390 794 1473 855 de
1512 794 1746 855 Triana
1787 793 1937 854 Luc.
1970 795 2156 867 dioc.,
2189 814 2353 871 pape
2382 794 2575 853 iudex
2604 794 2937 873 delegatus

475 893 542 953 in
582 912 778 955 causa
820 893 1278 972 appellationis
1319 895 1486 953 inter
1528 891 1926 971 Raynerium
1967 910 2065 970 ep.
2110 892 2284 952 Vult.
2344 898 2410 953 et
2465 911 2738 953 comune
2792 891 2933 952 Flo-

474 991 801 1053 rentinum
842 1009 1060 1053 coram
1102 989 1341 1051 abbate
1385 990 1755 1051 monasterii
1809 989 2068 1049 maioris
2121 988 2201 1048 de
2258 988 2601 1062 Florentia,
2657 987 2934 1067 plebano

474 1090 554 1147 de
597 1089 1046 1163 Quarrazzano
1089 1087 1242 1148 Luc.
1276 1088 1437 1149 dioc.
1483 1093 1551 1146 et
1591 1088 1730 1165 ipso
1769 1105 1960 1164 super
2001 1093 2213 1147 castro
2256 1087 2335 1147 de
2365 1087 2730 1147 Pulicciano
2753 1086 2932 1147 Vult.

474 1187 635 1246 dioc.
692 1186 1052 1264 egritudine
1108 1185 1459 1263 impeditus
1513 1185 1709 1262 priori
1762 1183 1843 1244 de
1898 1184 2105 1245 Uneia
2148 1184 2320 1263 [....]
2350 1187 2391 1259 ¹)
2455 1185 2616 1245 dioc
2674 1204 2931 1244 causam

476 1285 812 1345 commisit.
911 1285 1036 1344 Act
1082 1283 1265 1354 Pisis,
1309 1283 1619 1343 Kinthice
1671 1282 1740 1342 in
1793 1282 1989 1342 domo
2043 1282 2378 1361 hospitalis
2433 1302 2479 1341 S.
2538 1281 2801 1342 Martini
2853 1283 2933 1343 de

476 1379 952 1460 Gnatholungo.
1049 1381 1242 1441 Petro
1283 1400 1420 1441 can.
1465 1380 1639 1441 Vult.
1685 1379 1898 1440 Presb.
1944 1380 2138 1441 Cione
2182 1380 2557 1458 cappellano
2600 1380 2934 1457 hospitalis

475 1480 628 1541 novi
647 1480 728 1541 de
754 1480 929 1541 Pisis.
954 1479 1141 1558 Lupo
1163 1485 1296 1539 not.
1322 1479 1402 1538 de
1425 1478 1760 1540 casanova
1788 1479 1893 1557 qd.
1920 1478 2330 1539 Bencivenni.
2414 1477 2929 1547 MCCLXXXII,

475 1580 601 1639 ind.
649 1579 787 1639 XII
812 1579 883 1655 ²),
927 1578 1087 1639 XVI
1129 1578 1253 1638 kal.
1299 1596 1432 1656 apr.
1519 1576 1792 1637 Iacobus
1834 1574 1986 1637 olim
2031 1576 2312 1637 Ranaldi
2337 1578 2417 1637 de
2454 1576 2692 1637 Sancto
2723 1577 2930 1636 Gemi-

473 1679 667 1738 niano
707 1678 898 1737 iudex
944 1677 1075 1738 ord.
1121 1683 1188 1736 ct
1229 1683 1361 1737 not.

802 1774 958 1836 Volt.
1007 1773 1246 1836 AVesc.
1289 1794 1337 1832 8.
1383 1773 1570 1833 XIII
1613 1774 1737 1833 dec.
1783 1772 1822 1832 9
1863 1794 1924 1833 n.
1971 1772 2053 1833 12
2093 1772 2263 1850 Oriy.

473 1972 609 2031 900.
2135 1966 2351 2039 Sioua,
2394 1967 2472 2028 21
2520 1965 2928 2045 4pri11283

594 2066 925 2129 Renaldus
968 2068 1072 2148 qd.
1119 2066 1396 2127 Renaldi
1437 2064 1655 2126 Iacobi
1697 2064 1779 2123 de
1820 2064 2014 2123 domo
2056 2063 2533 2124 Ptolomeorum
2587 2063 2744 2123 civis
2786 2062 2927 2123 Sen.

470 2164 991 2242 procuratoribus
1033 2163 1377 2225 Ranerii
1417 2162 1591 2222 Vult.
1622 2181 1717 2239 ep.
1748 2160 2063 2222 refutavit
2090 2181 2276 2221 suam
2305 2166 2558 2241 partem
2586 2162 2668 2223 de
2707 2160 2931 2221 debit-o

471 2282 580 2322 sex
625 2262 871 2323 milium
915 2280 1278 2323 marcarum
1320 2279 1470 2339 arg„
1515 2261 1583 2319 in
1630 2278 1760 2337 quo
1813 2257 2136 2338 obligatus
2190 2265 2288 2320 est
2343 2259 2659 2320 Ranerius
2718 2259 2926 2327 Petro,

473 2360 901 2432 Bartalameo‚
945 2359 1244 2420 Renaldo
1287 2357 1329 2418 f.
1375 2357 1480 2435 qd.
1524 2355 1868 2418 Cristofani
1907 2356 2132 2419 Iacobi
2173 2364 2239 2417 et
2268 2356 2553 2437 Henrigo
2582 2362 2649 2417 et
2674 2356 2927 2419 Andrec

473 2456 694 2519 Iacobi
732 2461 799 2516 et·
842 2455 1128 2518 Orlando
1169 2462 1237 2515 et
1281 2453 1622 2515 Bonefatio
1663 2452 2078 2533 Bonsignoris
2132 2460 2248 2514 aut
2303 2454 2492 2515 alicui
2543 2456 2927 2515 societatum

470 2556 648 2616 Petri
687 2574 797 2615 seu
843 2554 1116 2616 filiorum
1161 2553 1572 2633 Bonsignoris
1596 2554 1666 2628 ⁸);
1697 2553 1853 2612 item
1880 2552 1963 2612 de
1989 2551 2213 2614 debito
2241 2554 2510 2619 trizinta
2534 2553 2782 2613 milium
2809 2553 2926 2613 du·

471 2661 805 2715 centarum
834 2652 938 2714 lib.
970 2654 1115 2715 den.
1201 2652 1344 2712 Act.
1383 2650 1578 2712 Senia.
1693 2651 1904 2711 Presb.
1937 2650 2258 2711 Dietaiuti
2284 2652 2387 2730 qd.
2422 2650 2703 2712 Orlandi.
2735 2650 2927 2712 Petro

472 2752 783 2813 Guidonis
825 2758 902 2811 tt.
990 2751 1204 2813 Guido
1249 2748 1514 2810 Rubeus
1557 2749 1661 2826 qd.
1694 2749 1915 2809 Iannis
1942 2749 2137 2810 iudex
2167 2749 2298 2811 ord.
2371 2747 2923 2818 MOCLXXXIII,

470 2851 599 2912 ind.
644 2851 766 2924 XI,
810 2850 910 2910 XI
953 2850 1077 2910 kal.
1124 2852 1270 2911 mai.

600 3014 654 3066 s
797 2949 951 3012 Volt.
999 2949 1237 3011 AVeec.
1281 2968 1334 3009 ε.
1378 2947 1566 3048 XIII
1607 2947 1729 3007 dec.
1775 2947 1815 3007 9
1855 2967 1915 3006 n.
1960 2947 2042 3006 16
2082 2947 2257 3024 Θήρ.

468 3148 607 3208 ml
2173 3143 2386 3212 Siena,
2429 3144 2511 3203 10
2549 3144 2699 3204 Juli
2740 3143 2925 3205 1283.

589 3243 835 3306 Baldus
874 3243 979 3322 qd.
1024 3242 1466 3304 Ildebrandini
1505 3242 1751 3302 domini
1791 3240 2079 3302 Talomei
2118 3240 2393 3301 donavit
2433 3240 2738 3301 Iacobino
2781 3241 2923 3302 Cre·

467 3344 694 3404 scentii
738 3343 874 3403 vice
916 3341 1309 3418 (Ranerii)
1353 3359 1450 3419 ep.
1492 3339 1667 3400 Vult.
1713 3346 1964 3416 partem
2008 3358 2190 3401 suam
2239 3338 2320 3398 de
2362 3337 2679 3398 Montcrio
2719 3345 2785 3399 et
2828 3358 2922 3400 ar·

466 3441 898 3521 gentifodiniS.
985 3440 1124 3500 Act.
1158 3438 1353 3500 SeniS.
1439 3436 1992 3509 MCCLXXXHI,
2024 3437 2151 3498 ind.
2183 3436 2302 3505 XI,
2328 3436 2420 3497 VI
2441 3437 2526 3497 id.
2550 3435 2656 3496 iul.
2728 3437 2924 3515 Apud

467 3540 677 3601 locum
718 3538 994 3599 fratrum
1039 3537 1356 3598 Minorum
1404 3536 1485 3597 de
1526 3534 1725 3596 Senis.
1822 3534 2050 3595 Fratre
2088 3534 2327 3595 Iacobo
2353 3534 2435 3595 de
2477 3532 2817 3596 Tallomeie
2857 3541 2924 3595 et

464 3637 666 3700 fratre
687 3635 992 3717 Gregorio
1018 3637 1100 3698 de
1127 3633 1514 3696 Radicofani
1541 3634 1672 3695 ord.
1704 3633 1854 3694 Min.
1885 3638 1955 3692 et
1982 3631 2151 3692 Geso
2173 3629 2456 3692 Sentoris
2486 3637 2563 3692 tt.
2650 3629 2924 3709 Iacobus

467 3736 775 3797 Iohannis
817 3739 950 3794 not.

795 3831 953 3893 Vols.
988 3832 1225 3893 AVesc.
1268 3851 1317 3891 8.
1359 3829 1548 3890 XIII
1590 3829 1715 3889 dec.
1760 3828 1799 3888 9
1839 3849 1898 3887 n.
1945 3828 2028 3888 16
2067 3828 2236 3903 Orv'q.

466 4028 602 4088 902.
2035 4023 2331 4093 Vollmer,
2377 4023 2457 4082 18
2495 4023 2642 4084 Juli
2685 4022 2919 4100 (1283).

586 4124 1031 4186 Rainerius
1073 4121 1246 4184 Vult.
1293 4143 1389 4202 ep.
1435 4120 1801 4183 Pannochie
1841 4121 1922 4181 de
1971 4121 2302 4180 Sassetta⁴
2314 4125 2331 4194 )
2391 4122 2703 4198 potestati
2743 4119 2918 4181 Vult.

610 4368 655 4433 ¹)
675 4367 864 4418 Leonn-
881 4369 1081 4418 Reum.
1114 4367 1268 4417 Wohl
1286 4366 1664 4433 [Vulterrane]
1680 4381 1748 4415 zu
1771 4369 2034 4429 erycinzcn
2058 4366 2171 4416 und
2197 4365 2334 4415 Onci
2350 4365 2597 4428 anmoins.
2709 4365 2754 4430 ²)
2782 4364 2921 4414 Vial-

463 4458 611 4507 melu·
647 4454 757 4508 XI.
906 4457 953 4522 ³)
989 4457 1152 4508 Siche
1188 4457 1320 4506 oben
1355 4471 1408 4506 π.
1455 4457 1552 4505 764
1591 4456 1706 4506 und
1740 4454 2000 4506 «Binum
2036 4455 2152 4504 und
2189 4454 2611 4516 Geldwirtodmjt
2637 4469 2660 4503 ῡ
2699 4455 2772 4504 ΙΙ
2796 4456 2917 4505 311.

465 4547 570 4595 Die
605 4545 837 4596 Ankihc
873 4561 978 4595 von
1016 4547 1199 4596 30200
1237 4545 1433 4605 Psund
1467 4544 1538 4593 iet
1573 4543 1708 4593 wohl
1743 4550 1846 4593 oret
1881 4543 1944 4593 in
1979 4544 2085 4592 den
2119 4543 2305 4593 lcczten
2331 4542 2545 4593 Jahn-en
2568 4542 2791 4604 Biaeohol
2827 4543 2920 4592 Al-

462 4634 599 4684 bcrte
634 4634 760 4685 oder
795 4634 933 4684 nach
971 4634 1179 4684 acinam
1220 4633 1366 4683 Tode
1402 4631 1892 4696 hinzuqekommen.
2052 4630 2098 4696 4)
2136 4631 2257 4681 Aue
2293 4631 2413 4680 dem
2449 4630 2639 4680 Hauu
2675 4631 2920 4682 Pannon-

462 4723 710 4782 ebionem,
750 4722 901 4772 Solm
937 4723 1028 4773 deo
1076 4722 1345 4786 qulinue
1381 4721 1496 4771 und
1531 4722 1688 4785 Ncffe
1727 4720 1947 4782 Biecho!
1973 4722 2196 4784 Payam
2233 4735 2336 4769 von
2373 4719 2507 4769 Vozc.
2548 4718 2915 4785 (1212-1239).
