4000 5700
1128 491 1216 544 -30
1784 489 2229 544 REGESTUM
2265 490 2952 545 VOLATERRANUM

1146 585 1243 592 ——

1140 687 1316 747 intus
1356 687 1620 748 castello
1660 684 1742 746 (10
1783 686 1955 747 Nera
1994 686 2325 747 territurio
2364 685 2847 748 voloterrensis.
2930 686 3162 748 Petrus
3216 687 3410 749 iudex
3464 688 3596 767 inp.

1143 782 1517 845 Ildibrando
1559 791 1640 846 tt.
1687 783 1970 845 Rodulfo
2013 790 2093 844 tt.
2138 783 2370 844 Petrus
2411 790 2492 844 tt.
2536 803 2619 845 33.
2703 783 3012 845 Bertaldo
3052 791 3187 846 not.
3232 786 3385 866 imp.

1472 882 1631 945 Volt.
1676 881 1900 960 ACap.
1943 902 2009 942 π.
2056 882 2136 943 40
2176 881 2350 960 Oriq.

1130 1042 1243 1102 82.
2786 1041 3082 1113 volterra,
3124 1042 3207 1103 30
3234 1041 3416 1103 Mdv-z
3456 1042 3594 1104 992.

1262 1137 1767 1218 Nongentesimo
1807 1139 2221 1215 nonogesimo
2260 1138 2560 1210 secundo,
2606 1140 2802 1199 tertio
2843 1139 2967 1199 kal.
3002 1159 3157 1218 apr„
3188 1138 3319 1199 ind.
3349 1142 3596 1219 quinta.

1145 1236 1598 1297 Adalberto
1637 1235 1683 1296 f.
1729 1235 1788 1295 b.
1833 1255 1915 1296 m.
1960 1235 2263 1297 Ildibaldi
2303 1256 2366 1316 q.
2401 1236 2619 1298 Ildjtio
2660 1257 2801 1298 voc.
2847 1237 3225 1299 manifestus
3266 1257 3408 1298 sum
3448 1240 3599 1318 quia

1125 1334 1463 1414 'Tetberga
1521 1334 1742 1395 relicta
1797 1334 1859 1395 b.
1918 1354 2005 1395 111.
2062 1333 2265 1396 Subbi
2319 1354 2400 1395 ex
2453 1354 2681 1415 genere
2735 1334 3125 1396 Francorum
3181 1342 3248 1396 et
3299 1335 3347 1396 f.
3391 1335 3453 1397 b.
3511 1357 3597 1398 m.

1142 1429 1455 1493 Uuiniildi
1493 1432 1605 1511 qui
1648 1432 1941 1493 Uuinitio
1986 1452 2124 1493 voc.
2171 1435 2616 1493 consentiente
2656 1433 2902 1513 [Ugho]
2945 1434 3208 1495 clericus
3234 1442 3303 1494 et
3329 1434 3597 1496 Adelmo

1128 1536 1206 1590 -et
1251 1529 1617 1590 Rodilando
1644 1549 1746 1610 gg.
1778 1529 1826 1589 f.
1858 1536 1925 1590 et
1961 1529 2340 1590 mundualdi
2382 1532 2478 1591 sui
2520 1538 2588 1592 et
2627 1530 2673 1590 f.
2704 1529 2768 1591 b.
2799 1551 2884 1591 m.
2916 1530 3117 1592 Subbi
3145 1551 3259 1610 per
3285 1533 3598 1593 cartulam

1145 1624 1433 1689 Bertaldi
1464 1634 1600 1689 not.
1632 1629 1761 1706 inp.
1788 1626 2191 1688 venundavit
2213 1627 2368 1688 mihi
2390 1648 2571 1689 casas
2593 1628 2760 1688 infra
2780 1627 3137 1689 chomitato
3159 1627 3600 1691 Voloterrense

1143 1726 1351 1805 prima
1390 1726 1458 1785 in
1499 1725 1830 1786 Puliciano
1872 1744 2021 1786 cum
2063 1725 2213 1785 eccl.
2272 1745 2322 1785 s.
2369 1725 2694 1800 Iohannis,
2738 1728 2866 1787 alia
2918 1727 2986 1786 in
3041 1727 3262 1787 Monte
3314 1727 3600 1807 Agutulo

1127 1842 1289 1883 ·cum
1330 1824 1481 1885 0001.
1526 1843 1576 1883 3.
1622 1811 1973 1896 Laurentii,
2018 1842 2165 1883 cum
2206 1821 2398 1884 rebus
2447 1843 2661 1897 111338,
2717 1824 3162 1896 aldionaricii8‚
3221 1825 3598 1899 tribut-ariiS‚

1126 1922 1503 2001 angarialis,
1558 1921 1964 2000 pensionalis,
2022 1923 2222 1983 etiam
2277 1927 2597 2001 quantum
2653 1921 3013 2002 Tetberghe
3069 1923 3433 2002 pertinebat
3487 1943 3600 2003 per

1147 2020 1560 2099 morgiincap.
1672 2018 2131 2079 Adalberto
2188 2018 2384 2078 vindo
2440 2038 2553 2097 per
2605 2019 2771 2080 hanc
2826 2019 3076 2080 cartuia
3125 2020 3447 2099 Teuperto
3487 2010 3600 2100 qui

1130 2116 1376 2177 'Teutio
1417 2136 1558 2177 voc.
1603 2115 1649 2176 f.
1694 2116 1757 2176 b.
1803 2135 1890 2176 111.
1950 2115 2210 2177 Rodulfi
2266 2119 2544 2193 comes¹)
2588 2116 2704 2176 has
2744 2136 2925 2177 casas
2965 2123 3034 2177 et
3075 2120 3280 2197 recepi
3322 2120 3598 2196 pretium

1142 2215 1256 2277 sol.
1302 2214 1490 2276 mille.
1575 2214 1720 2275 Act.
1765 2215 1942 2275 intus
1982 2214 2246 2275 castello
2286 2214 2463 2293 quod
2516 2220 2617 2275 est
2658 2233 2856 2294 prope
2910 2215 3059 2275 eccl.
3101 2222 3170 2277 et
3224 2216 3419 2276 domo
3470 2218 3597 2296 epi·

1128 2312 1405 2391 schopio
1445 2332 1495 2373 3.
1541 2312 1737 2373 Marie
1801 2313 2127 2373 territurio
2168 2311 2615 2373 Voloterrense
2639 2312 2709 2387 ⁸.)
2814 2310 3165 2374 Adalberto
3219 2332 3302 2373 83.
3347 2313 3373 2392 [
3380 2359 3568 2373 ......
3575 2315 3600 2393 ]

1144 2415 1229 2468 tt.
1272 2415 1339 2469 et
1380 2411 1587 2488 pretio
1628 2409 1829 2470 dante
1870 2408 2007 2468 vidi
2030 2411 2099 2486 ⁸.)
2157 2408 2387 2469 Petrus
2429 2407 2622 2469 iudex
2665 2409 2819 2487 imp.
2870 2428 2951 2468 33.
2997 2408 3461 2490 Ildibr[andus]
3516 2416 3597 2471 tt.

1131 2514 1213 2568 et
1237 2486 1443 2587 pretio
1464 2507 1664 2570 dante
1689 2507 1841 2568 vidj.
1860 2506 2180 2586 Sigiberto
2202 2512 2283 2566 tt.
2309 2513 2375 2566 et
2407 2507 2613 2585 pretio
2640 2505 2838 2566 dante
2868 2506 3019 2567 vidi.
3105 2506 3279 2570 Otdo
3300 2515 3436 2568 not.
3467 2510 3597 2586 inp.

1106 2628 1111 2633 ·
1475 2602 1638 2668 Vols.
1681 2606 2005 2669 AVeecms
2050 2602 3599 2683 Xdec.8n.30ri9.Liberiuriumf.160it.

1134 2786 1244 2847 83.
2771 2783 3070 2858 Vellem,
3113 2783 3195 2845 18
3235 2785 3421 2846 Mdrz
3460 2784 3597 2846 994

1261 2882 1810 2966 Nongnenteeimo
1839 2883 2149 2942 noiesimo
2166 2884 2500 2961 ⁸)quarto
2532 2882 2658 2943 XV
2685 2881 2812 2942 kal.
2843 2882 3061 2961 aprel„
3091 2882 3223 2942 ind.
3253 2881 3402 2943 VII.
3458 2882 3600 2943 An-

1127 2980 1441 3042 selmus
1480 2980 1753 3041 archiac.
1779 2985 1847 3040 et
1869 2980 2233 3058 prepositus
2255 2999 2305 3039 3.
2330 2977 2724 3041 Ottabiani
2706 2998 2804 3040 1113
2807 2985 2878 3040 ta
2904 2978 3136 3040 domus
3160 2986 3230 3041 et
3253 2980 3535 3059 episcopi
3551 2983 3601 3057 ⁴)

1140 3097 1190 3138 3.
1234 3079 1433 3140 Marie
1472 3076 1687 3137 Volot.
1731 3096 1844 3157 per
1897 3096 2166 3137 consens
2169 3096 2279 3138 um
2334 3077 2744 3138 sacerdotum
2795 3096 2935 3137 can.
2993 3076 3268 3139 fratrum
3315 3095 3601 3138 meorum

1126 3195 1251 3236 :eeu
1293 3175 1524 3236 levitas
1565 3175 1776 3254 adque
1831 3175 2077 3235 ciratici
2131 3175 2242 3235 lib.
2285 3194 2459 3236 nom.
2504 3175 2589 3235 do
2632 3181 2830 3253 atque
2869 3175 3057 3236 firmo
3094 3175 3343 3236 Amelio
3390 3175 3599 3254 presb.

1126 3272 1186 3334 f.
1230 3271 1294 3333 b.
1339 3292 1424 3333 111.
1469 3270 1772 3333 Abillonii
1812 3272 1975 3333 duas
2018 3273 2299 3345 cassinas
2342 3291 2452 3333 seu
2497 3273 2815 3352 integram
2856 3279 3096 3333 sortem
3137 3273 3205 3332 in
3245 3272 3385 3333 1000
3431 3271 3604 3334 Colle

1140 3370 1431 3450 Aliperti‚
1489 3372 1629 3431 iam
1660 3389 1711 3429 r.
1753 3388 1870 3449 per
1910 3368 2020 3448 qd.
2067 3369 2355 3448 Aliperto
2410 3389 2624 3442 mass„
2670 3369 2863 3430 modo
2903 3387 3018 3448 per
3059 3369 3366 3431 Laurenti
3408 3388 3598 3430 mass.

1125 3475 1219 3529 ‘ab
1246 3485 1362 3546 per
1403 3467 1500 3528 Lii
1542 3467 1651 3546 qd.
1695 3466 1983 3529 Johanni
2017 3501 2092 3513 -·
2130 3473 2403 3547 excepto
2445 3487 2573 3547 que
2619 3486 2732 3546 per
2780 3467 2995 3529 libello
3042 3467 3192 3528 dedi
3232 3467 3407 3528 Petri
3431 3471 3478 3544 ⁴)
3535 3474 3600 3528 et

1139 3565 1317 3626 dicto
1357 3565 1664 3625 Laurenti
1704 3570 1774 3626 et
1814 3564 1941 3625 alio
1981 3564 2180 3625 Petro
2219 3570 2288 3625 et·
2339 3564 2706 3625 Dominichi
2739 3599 2823 3609 —
2855 3564 2939 3625 ad
2989 3566 3195 3625 vitam
3250 3583 3366 3643 pro
3419 3584 3597 3643 pens.

1140 3663 1210 3723 in
1247 3662 1394 3723 test.
1426 3681 1477 3721 s.
1506 3662 1707 3723 Marie
1734 3663 1801 3722 in
1830 3667 2062 3742 agusto
2091 3681 2226 3742 arg.
2250 3661 2396 3722 den.
2423 3660 2721 3723 XXXVI
2748 3661 2989 3741 b..exp.
3020 3662 3227 3741 qualis
3244 3680 3366 3750 ,per
3400 3668 3599 3740 temp.

1142 3778 1225 3833 o.;
1267 3778 1414 3838 pen.
1459 3778 1593 3839 arg.
1636 3760 1750 3821 sol.
1796 3758 1950 3833 LX;
1995 3765 2145 3839 post
2187 3766 2376 3820 tuum
2417 3759 2750 3822 decessum
2791 3779 2890 3820 103
2930 3758 3276 3820 deveniant
3317 3757 3403 3819 ad
3443 3758 3601 3820 Uui-

1128 3856 1291 3917 ·fridi
1343 3869 1410 3917 et.
1464 3856 1791 3918 Lanberto
1844 3877 1951 3938 gg.
2008 3856 2053 3918 f.
2115 3858 2313 3919 Bel-te
2367 3864 2436 3919 et
2488 3873 2710 3918 eorum
2761 3856 2929 3918 filiis.
3046 3856 3193 3918 Act.
3248 3856 3599 3918 Voloterre.

1142 3955 1446 4017 Anselmo
1499 3955 1840 4017 archidiac.
1895 3956 2186 4017 Amelius
2239 3955 2452 4035 presb.
2514 3955 2965 4017 Ermendricus
3020 3954 3227 4034 presb.
3277 3961 3504 4016 custos·
3535 3962 3602 4015 et

1128 4065 1281 4114 van.
1327 4052 1647 4115 Iohannes
1689 4053 1897 4132 presb.
1941 4058 2009 4115 et
2049 4074 2191 4115 can.
2241 4054 2468 4114 Petrus
2509 4054 2717 4131 presb.
2759 4059 2828 4114 et
2856 4072 2999 4115 can.
3039 4052 3357 4114 Iohannes
3398 4052 3602 4114 levita

1124 4156 1208 4212 ·et
1228 4169 1367 4211 can.
1386 4151 1604 4213 Teuzo
1625 4150 1833 4229 presb.
1863 4158 1932 4213 et
1958 4170 2102 4213 can.
2133 4150 2464 4213 Albericus
2495 4151 2694 4212 levita
2713 4157 2781 4212 et
2803 4169 2944 4212 can.
2976 4150 3107 4210 Ato
3129 4149 3335 4230 presb.
3368 4156 3435 4211 et
3455 4169 3601 4212 can.

1127 4265 1225 4309 138.
1267 4248 1546 4310 Uuinizo
1586 4253 1668 4308 t-t.
1712 4267 1794 4308 88.
1839 4247 2123 4310 Rodulfo
2165 4255 2302 4310 not.
2347 4250 2480 4330 inp.
2525 4255 2607 4311 tt.
2652 4268 2734 4310 ss.
2820 4247 3186 4311 Gherardus
3225 4253 3358 4309 not.
3391 4248 3520 4327 inp.

1472 4345 1632 4408 Vou.
1677 4344 1899 4424 AGap.
1944 4365 2009 4406 π.
2054 4346 2133 4406 41
2177 4344 2353 4424 Oriq.

1288 4533 1329 4599 ¹)
1368 4534 1736 4596 Ghorardeoca,
1790 4552 1832 4584 3.
1869 4550 1925 4585 n.
1965 4537 2052 4587 58.
2220 4534 2266 4598 ¹)
2319 4532 2474 4585 Prot:
2528 4534 2620 4585 der
2672 4549 2997 4597 unumne»
3042 4533 3420 4597 Bauium-unq
3469 4530 3601 4585 doeh

1126 4623 1278 4676 wau
1324 4624 1410 4674 die
1454 4623 1631 4675 Becco
1675 4639 1780 4676 von
1821 4624 2079 4678 Voltur-ra.
2247 4622 2296 4687 ⁸)
2332 4624 2446 4675 Eia
2481 4623 2858 4687 zeum-mmo
2892 4627 3131 4682 nenton,-
3165 4638 3276 4675 mr
3308 4622 3445 4676 noch
3480 4622 3604 4672 vidi

1130 4710 1331 4764 inber.
1477 4712 1522 4778 ⁴)
1557 4713 1647 4765 So.
