4000 5700
1153 508 1260 561 230
1798 508 2243 563 REGESTUM
2281 508 2604 563 VOLATE
2615 511 2966 565 RRANUM

1150 701 1330 763 'tibus
1356 703 1768 763 mentionem.
1853 721 1882 762 ι
1902 703 2348 783 conquerente
2377 703 2528 763 olim
2549 724 2592 763 ›>.
2681 704 2831 766 Dat.
2865 705 3137 767 Viterbii
3166 706 3272 768 III
3303 707 3424 767 kal.
3444 728 3614 787 aug„

1153 805 1331 878 pont.
1375 797 1641 957 IHVolt.
1685 896 1927 958 AVesc.
1972 916 2021 955 3.
2067 896 2257 956 XIII
2287 896 2406 957 dec.
2441 897 2480 958 6
2506 917 2570 958 n.
2604 898 2680 959 41
2709 899 2883 976 Θήρ.
2917 899 3132 978 (Bane
3159 901 3446 961 verloren.
3477 901 3615 978 Aul

1469 993 1576 1054 der
1613 992 1944 1055 Riickseite
2009 993 2309 1055 dominus
2367 994 2759 1058 ottavianus
2815 997 2987 1058 card.
3018 999 3080 1074 ¹).
3139 996 3320 1058 Liber
3372 999 3616 1059 {urium

1471 1091 1617 1153 5.22
1657 1092 1757 1152 cit.
1888 1092 1999 1152 Ed.
2048 1091 2271 1153 Giachi
2316 1099 2330 1127 ¹
2363 1093 2486 1153 173
2517 1117 2588 1150 τ.-
2621 1106 2640 1134 ¹
2669 1094 2809 1155 489.

1152 1308 1289 1368 689.
2795 1307 3016 1378 Lucca,
3065 1310 3102 1369 7
3143 1309 3393 1385 Anqust
3431 1309 3612 1370 1257.

1278 1402 1685 1464 Henricus
1728 1422 1825 1480 ep.
1871 1401 2022 1462 Luc.
2070 1401 2357 1481 (Iacobo)
2390 1402 2921 1482 archipresbitero
2961 1404 3137 1464 Vult
3232 1405 3617 1484 Recepimus

1154 1503 1229 1563 lit
1235 1507 1403 1562 teras
1444 1498 1792 1562 Alexandri
1835 1500 1929 1562 IV
1952 1504 1998 1579 ⁹)
2042 1500 2109 1561 in
2150 1500 2439 1564 favorem
2484 1501 2819 1580 hospitalis
2861 1504 2942 1562 de
2984 1503 3367 1580 Altopassu;
3412 1522 3617 1581 nuper

1152 1617 1307 1659 vero
1347 1597 1483 1657 eius
1526 1597 1832 1676 magister
1871 1604 2138 1676 questus
2181 1603 2298 1671 est,
2346 1598 2521 1679 quod
2561 1605 2851 1678 potestas
2900 1598 3072 1660 Vult.
3119 1607 3186 1660 et
3226 1601 3615 1661 universitas

1153 1696 1234 1755 de
1274 1693 1459 1756 Cellis
1498 1696 1766 1757 fratrem
1807 1696 2210 1757 Tancredum
2267 1704 2580 1758 rectorem
2635 1697 2781 1758 eccl.
2840 1718 2885 1758 s.
2929 1698 3239 1760 Iohannis
3293 1698 3470 1759 Vult.
3526 1699 3614 1759 ad

1154 1790 1472 1870 hospitale
1499 1802 1902 1872 spectantem
1932 1813 2062 1855 non
2090 1795 2365 1855 citatum
2394 1802 2658 1872 captum
2690 1795 3026 1857 detineant
3055 1804 3120 1856 et
3156 1796 3332 1875 quod
3359 1797 3612 1857 univer·

1154 1893 1314 1952 sitas
1355 1891 1434 1951 de
1477 1891 1661 1952 Cellis
1704 1892 1761 1952 ei
1789 1898 1856 1952 et
1884 1911 1995 1952 sue
2024 1893 2174 1953 eccl.
2214 1895 2437 1971 gravia
2478 1893 2767 1973 dampna
2808 1895 3112 1955 intulerit.
3154 1894 3503 1963 MonemuS‚
3534 1900 3614 1955 ut

1154 1994 1547 2067 potestatem
1604 1996 1673 2050 et
1715 1990 2048 2052 consilium
2094 1991 2268 2051 Vult.
2314 1998 2380 2051 et
2425 2010 2695 2053 comune
2737 1989 2816 2051 de
2857 1991 3042 2052 Gellia
3089 1993 3422 2065 moneatis,
3455 2011 3612 2071 qua·

1154 2088 1332 2148 tinus
1373 2093 1681 2148 rectorem
1714 2087 1908 2148 libere
1939 2087 2323 2165 relinquant,
2356 2096 2422 2147 et
2451 2107 2557 2149 eos
2588 2090 3014 2169 peremptorie
3042 2098 3195 2150 ante
3224 2110 3340 2151 nos
3381 2089 3608 2150 citetis.

1156 2184 1311 2245 Dat.
1355 2182 1526 2244 Luce
1570 2185 1697 2247 VII
1742 2187 1830 2246 id.
1878 2206 2024 2266 aug.

1485 2283 1641 2346 Volt.
1678 2284 1898 2362 AGap.
1943 2305 2010 2345 n.
2052 2285 2173 2346 222
2212 2285 2385 2361 Oriq.

1155 2499 1293 2561 690.
2638 2498 2922 2571 Florem,
2965 2498 3002 2558 1
3044 2498 3392 2577 September
3431 2498 3611 2559 1257.

1275 2595 1648 2670 MCCLVII,
1693 2597 1819 2658 kal.
1865 2603 2025 2676 sept
2110 2596 2432 2658 Iohannes
2463 2595 2773 2674 plebanus
2802 2597 2880 2656 de
2910 2596 3441 2674 Ripamarrancia
3470 2616 3612 2675 pro-

1156 2700 1417 2756 curator
1456 2694 1832 2755 Rainerii
1875 2693 2061 2755 electi
2104 2694 2274 2755 Vult.
2323 2715 2386 2753 se
2429 2695 2826 2773 presentavit
2855 2714 3066 2755 coram
3103 2695 3377 2755 Viviano
3405 2696 3614 2773 priore

1155 2794 1300 2855 eccl.
1347 2793 1421 2873 [s.
1466 2792 1932 2874 Bartholomei]
1974 2795 2055 2855 de
2098 2793 2362 2874 Fighine
2391 2813 2557 2873 pape
2586 2793 2794 2854 iudice
2821 2793 3160 2873 delegato'
3145 2814 3214 2854 ιιι
3240 2813 3434 2856 causa
3465 2793 3613 2853 Rai-

1156 2894 1313 2954 nerii
1349 2891 1727 2953 Bellindotis
1769 2897 1835 2952 et
1877 2894 2211 2954 sociorum.
2300 2895 2440 2953 Act.
2487 2895 2551 2952 in
2594 2891 2738 2952 eccl.
2785 2912 2836 2952 s.
2880 2890 3320 2953 Bartholomei
3362 2892 3441 2952 de
3469 2891 3612 2951 Flo·

1156 2992 1382 3052 rentia.
1458 2989 1799 3051 Formicha
1814 2991 2160 3052 corazzaiO.
2179 2989 2468 3062 Baldese,
2487 2988 2627 3051 aliis
2642 2995 2722 3050 tt.
2800 2990 3006 3050 Iudex
3030 2990 3314 3068 precepit
3335 2988 3615 3049 Iohanni

1157 3093 1225 3148 et
1264 3087 1514 3148 Gricoio
1555 3087 1851 3147 Ghiberti
1898 3087 2232 3148 mercatori
2276 3086 2439 3148 Flor.
2485 3106 2602 3165 pro
2642 3106 2727 3159 se,
2777 3087 3077 3148 Rainerio
3120 3085 3508 3148 Bellendotis
3543 3092 3614 3145 et

1157 3188 1382 3247 ceteris
1421 3185 1626 3257 sociis,
1670 3190 1747 3244 ut
1788 3185 1891 3245 die
1931 3186 2080 3246 lune
2121 3185 2229 3246 III
2270 3191 2429 3264 sept.
2477 3176 2628 3245 ante
2658 3184 2924 3245 terciam
2954 3189 3367 3264 compareant
3397 3203 3614 3244 coram

1155 3303 1223 3345 se
1262 3286 1330 3345 in
1370 3281 1518 3343 eccl.
1560 3303 1608 3344 s.
1654 3282 2108 3344 Bartholomei.
2195 3283 2414 3342 Pierus
2457 3282 2564 3361 qd.
2611 3281 2858 3342 Fossuli
2903 3282 3093 3342 iudex
3136 3288 3200 3341 et
3245 3288 3376 3342 not.
3422 3281 3610 3342 Fred.

1157 3383 1307 3463 imp.
1352 3382 1743 3462 Phylippum
1785 3382 1828 3442 f.
1873 3401 2086 3441 meum
2129 3380 2399 3442 scribere
2443 3380 2770 3442 mandavi.

1486 3482 1645 3545 Volt.
1691 3480 1929 3542 AVesc.
1973 3501 2026 3542 8.
2070 3480 2257 3540 XIII
2300 3480 2423 3541 dec.
2470 3481 2509 3540 6
2548 3501 2610 3540 n.
2654 3480 2734 3540 55
2775 3480 2947 3556 Oriq.

1157 3699 1298 3758 691.
2440 3694 2648 3773 (Wohl
2688 3694 2847 3756 ‘nach
2889 3695 2926 3754 1
2968 3693 3318 3771 September
3358 3693 3518 3754 1257
3541 3695 3609 3769 ³).

1279 3793 1525 3854 Bindus
1551 3794 1633 3854 de
1661 3793 2108 3874 Paparonibus
2136 3795 2498 3872 prepositus
2519 3792 2722 3872 plebis
2744 3793 2823 3854 de
2844 3793 3067 3854 Monte
3099 3793 3154 3851 V
3157 3790 3384 3853 eltraio
3413 3791 3466 3850 R
3489 3811 3612 3870 ay-

1158 3893 1364 3955 nerii
1396 3892 1581 3952 electi
1611 3892 1834 3968 (Vult)
1866 3898 2244 3969 procurator
2286 3892 2311 3970 [
2317 3936 2534 3951 .......
2542 3892 2567 3970 ]
2608 3890 2782 3952 Iunii
2809 3908 2875 3950 se
2903 3890 3371 3968 representavit
3398 3908 3614 3948 coram

1157 3989 1449 4052 Renaldo
1491 3990 1571 4049 de
1613 3989 1978 4052 Malavoltis
2021 3990 2245 4050 clerico
2288 3990 2548 4049 Senensi
2591 3986 3010 4065 subdelegato
3052 3987 3076 4065 [
3085 4032 3237 4047 .....
3245 3988 3268 4066 ]
3313 3987 3612 4061 (Alexan-

1157 4092 1255 4152 dri
1297 4088 1416 4166 IV)
1459 4108 1623 4167 pape
1667 4088 1891 4148 iudicis
1932 4088 2213 4166 delegati
2253 4089 2320 4148 in
2361 4106 2557 4147 causa
2597 4088 2764 4146 inter
2806 4085 3080 4145 electum
3140 4093 3206 4143 et
3264 4085 3613 4145 Ranerium

1302 4280 1345 4344 ¹)
1384 4279 1517 4328 Also
1553 4279 1832 4328 Kardinal
1869 4278 2153 4327 Octaviano
2192 4278 2336 4340 deqli
2386 4277 2650 4326 Ubaldini
2683 4277 2776 4325 hat
2812 4277 2984 4325 dieses
3017 4276 3253 4324 Mandat
3277 4290 3345 4324 zu
3369 4274 3612 4326 Qunam

1155 4369 1248 4419 dee
1291 4368 1623 4419 Volterraner
1656 4367 1964 4416 Erwc'ihlten
2001 4367 2228 4418 erwirkt.
2377 4367 2418 4429 ²)
2462 4365 2606 4414 Oben
2647 4381 2698 4415 n.
2743 4367 2863 4414 685.
3012 4365 3056 4428 3)
3097 4363 3187 4412 Da
3222 4364 3315 4412 der
3338 4364 3512 4425 Papst
3535 4362 3609 4412 ei-

1157 4473 1263 4508 nen
1296 4457 1520 4507 Scneser
1554 4456 1692 4506 wohl
1728 4456 1873 4505 nicht
1909 4456 2100 4517 [raher
2135 4455 2219 4504 als
2257 4456 2362 4504 den
2399 4454 2622 4513 Bisohos
2659 4469 2762 4503 von
2799 4453 3022 4503 Florem-z
3064 4452 3232 4517 (siche
3261 4466 3314 4501 n.
3345 4452 3472 4516 690)
3511 4451 3611 4500 mit

1156 4545 1250 4594 der
1281 4544 1452 4594 Sache
1489 4544 1791 4606 beaustraqt
1828 4543 2000 4593 haben
2038 4544 2190 4601 wird,
2218 4543 2424 4592 homme
2451 4542 2536 4590 ich
2561 4557 2628 4590 zu
2654 4541 2884 4591 meinem
2910 4543 3129 4590 Amatz.
3207 4541 3346 4589 1275
3369 4538 3517 4588 Jum·
3543 4540 3612 4589 29

1155 4648 1268 4684 war
1302 4633 1577 4684 Renaldus
1614 4634 1677 4683 de
1716 4633 2033 4682 Malavoltis
2071 4634 2133 4682 in
2171 4633 2395 4682 ander-er
2418 4632 2589 4680 Sache
2615 4631 2941 4693 pcipstlicher
2967 4631 3134 4679 iudex
3163 4628 3454 4694 delegatus
3483 4628 3613 4680 iiber

1163 4722 1415 4773 Volterra.
