4000 5700
1067 513 1512 568 REGESTUM
1549 512 2238 566 VOLATERRANUM
2774 512 2878 565 267

429 711 704 773 Pistorio
746 717 826 772 tt.
912 710 1292 781 MCCLXX‚
1335 710 1467 770 ind.
1513 708 1707 777 XIII,
1754 710 1821 770 II
1881 710 2007 771 iun.
2107 707 2421 787 Spinellus
2478 707 2888 770 Guardaville

429 809 509 869 de
552 808 728 870 Vult.
774 809 967 870 iudex
1009 810 1145 869 ord.
1189 813 1278 868 et.
1321 813 1454 868 not.

749 906 1014 968 morem
1056 904 1207 966 Ast.
1255 904 1444 979 (Volt.
1488 906 1652 966 1270
1697 906 1784 966 VI
1837 905 1894 977 6,
1939 925 1998 965 η.
2046 904 2189 981 911)
2234 904 2405 981 Oriq.

433 1102 571 1162 798.
1514 1099 1865 1159 Munistero
1907 1100 2003 1159 bei
2045 1100 2241 1160 Siena
2270 1102 2334 1175 ¹),
2377 1099 2459 1159 28
2496 1098 2665 1160 Juni
2707 1099 2888 1161 1270.

553 1199 822 1260 Guido
861 1218 1074 1260 comes
1138 1197 1741 1267 Montisfortis,
1788 1197 1998 1275 regius
2029 1199 2088 1256 in
2119 1196 2344 1257 Tusoie
2387 1198 2664 1258 vicarius
2705 1216 2891 1275 gene·

432 1297 600 1370 raliS,
616 1295 802 1357 Lixio
818 1294 1056 1357 Stuldi.
1143 1294 1526 1357 Mandamus
1547 1296 1883 1373 potestati,
1907 1295 2189 1363 consilio,
2213 1298 2471 1356 comuni
2491 1297 2692 1366 Vult„
2716 1296 2893 1373 quod

432 1393 553 1455 tibi
595 1400 932 1474 tamquam
981 1392 1379 1471 procuratori
1437 1398 1656 1453 nostro
1713 1392 2037 1453 residuum
2090 1393 2555 1471 stipendiorum
2612 1392 2891 1454 militum

433 1491 609 1552 tallie
650 1490 721 1550 II
761 1492 1214 1568 preteritorum
1255 1489 1571 1549 mensium
1616 1496 1683 1549 et
1721 1508 1956 1566 pagam
1997 1508 2115 1566 pro
2157 1489 2332 1549 iunio
2374 1496 2444 1551 et
2477 1490 2630 1551 iulio
2657 1489 2890 1568 persol-

434 1595 615 1649 vant.
660 1587 957 1659 Studeas,
1003 1586 1181 1665 quod
1223 1592 1549 1647 monet-am
1595 1587 1881 1647 celeriter
1922 1586 2313 1651 habeamus:
2370 1588 2424 1646 si
2479 1589 2549 1649 in
2586 1587 2892 1648 solvendo

432 1693 642 1748 essent
685 1686 950 1757 remissi,
993 1705 1108 1764 per
1148 1683 1550 1745 cavalcatam
1595 1692 1660 1744 et.
1694 1684 1926 1762 predas
1955 1683 2282 1762 procedas.
2314 1685 2626 1746 Volumus
2656 1694 2721 1744 te
2750 1704 2890 1763 pro·

433 1790 795 1845 curatorem
839 1785 922 1846 ad
953 1783 1385 1861 recipiendum
1431 1802 1671 1862 pagam
1713 1784 1990 1843 militum
2036 1783 2213 1843 tallie
2242 1804 2280 1844 a
2308 1783 2687 1845 comunibus
2723 1784 2894 1845 Colle

436 1890 498 1942 et.
543 1883 783 1944 Sancto
823 1882 1225 1945 GeminianO.
1286 1879 1522 1958 quibus
1578 1880 1914 1941 scribimus
1968 1900 2158 1959 super
2215 1881 2353 1943 hoo.
2460 1880 2612 1941 Dat.
2673 1883 2738 1940 in
2793 1901 2893 1941 ca·

434 1982 584 2041 stris
611 1980 788 2059 apud
828 1979 1292 2039 Monasterium
1339 1980 1405 2038 in
1446 1978 1946 2057 depopulatione
1990 1978 2322 2039 Senatum.
2408 1979 2708 2039 XXVIII
2740 1981 2893 2051 iun„

435 2077 610 2139 XIII
653 2078 782 2137 ind.

757 2176 1178 2252 Transsumpt
1220 2177 1288 2235 in
1330 2195 1391 2235 π.
1441 2174 1558 2234 799
1601 2174 1898 2252 (sigillate
1959 2183 2147 2236 erant
2208 2175 2414 2255 sigillo
2475 2194 2612 2236 cere
2678 2174 2895 2235 viridis

757 2275 1051 2346 rotundo,
1083 2276 1150 2333 in
1183 2292 1309 2352 quo
1351 2280 1492 2333 erat
1533 2275 1748 2351 imago
1789 2274 2123 2334 cuiusdam
2170 2274 2388 2333 militis
2428 2275 2665 2334 armati
2705 2292 2897 2351 super

758 2391 926 2451 equo
968 2378 1250 2450 copert0,
1296 2371 1579 2432 tenentis
1620 2390 1835 2430 ensem
1881 2371 2127 2431 nudum
2173 2372 2240 2432 in
2284 2371 2554 2444 destera‚
2584 2390 2893 2449 crypeum

759 2472 824 2530 in
867 2470 1144 2541 sinistra;
1191 2470 1254 2529 in
1297 2487 1536 2546 crypeo
1565 2473 1633 2528 et
1661 2469 1937 2528 covertis
1965 2480 2150 2528 erant
2179 2469 2410 2540 leones,
2435 2474 2502 2528 et
2529 2474 2671 2529 erat
2698 2469 2895 2528 etiam

764 2569 831 2627 in
856 2567 1062 2645 sigillo
1105 2566 1367 2646 clypeus
1409 2584 1552 2625 cum
1599 2566 1896 2645 gigleptis
1939 2572 2007 2625 et
2039 2567 2101 2625 in
2123 2572 2331 2626 starra
2358 2566 2668 2645 superine.
2700 2572 2767 2626 et
2794 2567 2894 2627 lit-

762 2674 890 2726 tere
915 2665 1212 2747 leguntur
1234 2666 1342 2725 sic:
1374 2684 1403 2723 s
1425 2664 1717 2742 Sigillum
1739 2663 2051 2724 Guidonis
2082 2665 2335 2724 comit-is
2362 2663 2791 2724 Montisfortis
2812 2668 2886 2741 ›>).

441 2861 579 2924 799.
2066 2859 2362 2932 Volcano,
2408 2860 2487 2918 10
2526 2859 2677 2926 JuJi
2716 2860 2893 2921 1270.

560 2959 804 3019 Littere
847 2957 1162 3018 Gnidonis
1204 2958 1457 3017 comitis
1501 2956 1946 3025 Montisfortis,
1980 2957 2051 3016 in
2078 2956 2308 3016 Tuscia
2350 2958 2507 3038 regii
2549 2956 2767 3017 vicarii
2796 2976 2900 3036 ge·

439 3058 670 3119 neralis
695 3057 764 3133 ¹),
809 3062 1242 3134 representate
1283 3054 1546 3115 fuerunt·
1587 3056 1769 3116 Cerio
1822 3054 2017 3114 iudici
2059 3063 2126 3114 et
2173 3057 2471 3115 assessori
2534 3055 2901 3114 comunis

442 3155 657 3215 Vult.
702 3160 770 3216 et
810 3173 981 3216 nunc
1023 3153 1274 3213 For-esis
1316 3154 1658 3231 potestatis
1703 3154 1942 3212 vicario
1985 3153 2052 3213 in
2092 3152 2359 3213 consilio
2386 3152 2665 3231 generali
2692 3159 2759 3212 et
2788 3173 2899 3213 an-

441 3254 770 3315 zianorum
814 3272 852 3312 a
893 3251 1081 3312 Lixio
1120 3249 1424 3312 familiari
1466 3257 1532 3310 et
1573 3256 1987 3328 procuratore
2031 3250 2252 3311 vicarii
2300 3251 2471 3328 regii.
2559 3249 2902 3311 Basehiera

438 3349 709 3410 Alberti.
755 3347 1063 3409 Michaele
1107 3348 1305 3409 Guidi
1334 3347 1583 3407 medici.
1614 3347 1844 3408 Forese
1876 3354 2011 3407 not.
2045 3348 2123 3406 de
2154 3347 2317 3407 Flor.
2360 3355 2437 3408 tt.
2521 3347 2898 3419 MCCLXX‚

439 3447 574 3508 ind.
622 3447 820 3520 XIII,
866 3446 975 3507 iul.
1011 3446 1094 3506 X.
1180 3444 1500 3524 Spinellus
1528 3443 1940 3505 Guardaville
1967 3445 2047 3504 de
2079 3445 2252 3504 Vult.
2290 3446 2479 3504 iudex
2509 3445 2643 3506 ord.
2671 3453 2737 3506 ct
2766 3453 2900 3506 not.

762 3544 1022 3604 Florem
1065 3543 1220 3603 Ast.
1268 3541 1455 3618 (Volt.
1501 3563 1562 3601 π.
1607 3541 1751 3618 912)
1795 3543 1965 3618 Oriq.

444 3742 581 3799 800.
1347 3736 1732 3814 Castiqlione
1775 3738 2051 3809 Aretim,
2098 3739 2179 3798 10
2220 3739 2352 3798 und
2392 3738 2468 3798 11
2512 3740 2681 3799 Juni
2723 3740 2899 3801 1271.

562 3836 977 3908 MOCLXXI,
1026 3835 1232 3897 XIIII
1279 3834 1431 3908 ind,
1464 3841 1738 3895 vacante
1767 3837 2053 3913 imperim
2087 3835 2197 3895 X
2182 3856 2310 3896 mn.
2397 3836 2739 3897 Barzettus
2769 3844 2899 3897 not.

444 3936 524 3997 de
543 3935 718 3997 Vult.
750 3936 1031 3995 sindicus
1073 3934 1362 3994 comunis
1399 3885 1575 3993 Vult.
1607 3953 1674 3992 se
1703 3936 2165 4012 representavit
2199 3954 2414 3996 coram
2444 3934 2828 3996 Guilielmo
2811 3954 2900 3995 iu-

443 4034 584 4094 dice
627 4034 906 4094 Enrici
951 4031 1511 4093 Valdimontis
1554 4033 1807 4092 comitis
1840 4031 1921 4092 de
1952 4033 2189 4092 Ariana
2232 4034 2452 4094 vicarii
2498 4035 2561 4092 in
2602 4033 2831 4093 Tuscia
2850 4035 2895 4111 ⁸)

593 4283 636 4350 ι)
661 4283 981 4334 Davidsohn
1006 4283 1392 4345 Forsohunqen
1414 4284 1484 4333 ΙΙ
1527 4286 1628 4332 168
1667 4299 1720 4333 η.
1751 4285 1887 4333 1173
1912 4283 2065 4332 sucht
2089 4283 2193 4333 don
2219 4284 2312 4333 Ort
2346 4283 2426 4333 im
2450 4283 2808 4341 Ombronocah·
2847 4300 2902 4335 σε

443 4374 515 4422 ist
549 4373 691 4433 aber,
727 4373 828 4423 wie
868 4373 1094 4423 Andr-ea
1131 4372 1239 4422 Dei
1274 4372 1347 4421 ad
1387 4375 1526 4422 1:370
1552 4372 1765 4434 erqiebt.
1790 4372 1848 4421 S.
1873 4372 2142 4434 Euqern'o.
2169 4372 2493 4434 qmdhnlioh
2521 4376 2536 4399 ⁴
2556 4372 2863 4422 Munium-o
2886 4371 2898 4391 ’

445 4469 701 4525 yonam,
739 4462 877 4512 nahe
915 4462 1000 4512 bei
1035 4462 1209 4512 Siena
1241 4460 1464 4522 jerusa-s
1499 4462 1593 4511 der
1617 4461 1829 4511 Pressa.
1911 4460 2213 4523 Ver-aleidis
2248 4462 2348 4523 fiir
2381 4462 2469 4511 die
2493 4461 2903 4525 Zeitqoechichte

446 4553 854 4616 Kopp-Bueoon
889 4551 960 4601 II
999 4553 1051 4612 3,
1093 4552 1337 4601 110-113.
1485 4551 1530 4614 2)
1566 4551 1850 4607 Inoa-ieri,-
1887 4550 2032 4600 εὲοήο
2069 4551 2261 4613 Βορωε
2296 4566 2350 4600 n.
2398 4553 2512 4601 798.
2677 4553 2723 4616 ι’)
2767 4540 2907 4601 Uber

444 4643 631 4692 diesen
683 4641 1009 4704 Naohsolqer
1048 4642 1141 4691 dee
1174 4641 1350 4694 Guido
1387 4656 1491 4689 von
1529 4641 1794 4700 Montlort
1831 4640 1915 4689 als
1953 4639 2335 4690 Generalvikar
2368 4642 2541 4690 Karlo
2578 4657 2680 4690 von
2718 4641 2903 4702 Anjou

449 4732 509 4779 in
555 4731 821 4788 Τοεοαηα,
867 4731 958 4779 der
990 4731 1108 4778 sein
1147 4731 1276 4778 Amt
1319 4730 1397 4778 im
1443 4731 1600 4777 Mdrz
1634 4736 1939 4790 anyetreten
1974 4730 2115 4778 hatte
2158 4759 2223 4766 -
2249 4731 2342 4779 der
2378 4730 2608 4779 Wechael
2632 4746 2743 4780 war
2764 4730 2909 4792 §dhr-
