4000 5700
1113 490 1228 549 2⁶2

1721 580 1836 587 *—

1132 684 1510 753 Compagnus
1565 681 1756 752 presb.
1816 682 2161 753 capellanus
2209 698 2301 751 ep.

1075 800 1080 805 ·
1195 772 1360 826 Vult.
1401 772 1527 834 299.

1129 892 1196 901 —-
1235 860 1306 915 de
1343 860 1541 929 Pmto,
1585 858 1681 928 fr„
1727 859 2052 930 inquisitor
2088 858 2212 912 709.

1127 981 1192 989 -
1233 948 1573 1004 Bonaffedis
1587 949 1743 1003 Flor.
1761 949 1922 1019 prior
1938 948 2161 1002 artium
2176 948 2300 1001 515.

1113 1037 1524 1109 compostella
1563 1042 1653 1107 (in
1690 1037 1975 1108 Spanien)
2021 1036 2194 1106 (577).

1115 1127 1509 1182 Gondonatus
1548 1127 1797 1182 clericus
1821 1126 2015 1197 plebis
2041 1126 2112 1179 de
2139 1125 2305 1179 Cam·

1197 1216 1359 1287 pauli
1399 1216 1523 1269 466.

1117 1304 1369 1358 ‘Condus
1406 1304 1477 1359 de
1504 1304 1826 1375 Cortipaldi
1867 1304 1993 1357 304.

1127 1392 1342 1464 Conse,
1383 1394 1623 1448 abbatia
1659 1412 1706 1449 s.
1725 1393 1947 1447 Mariae
1983 1394 2056 1448 de
2097 1396 2307 1462 (Conco

1198 1484 1284 1536 bei
1327 1483 1503 1551 Colle)
1542 1484 1667 1537 208.
1709 1484 1834 1537 241.
1863 1482 1989 1536 281.
2019 1484 2145 1536 298.
2174 1482 2301 1535 372.

1132 1571 1451 1626 Consortus
1491 1572 1666 1625 iudex
1706 1577 1766 1626 et
1793 1578 1917 1626 not.
1948 1571 2020 1625 de
2045 1571 2306 1624 Pistorio

1198 1660 1322 1713 466.

1130 1779 1203 1789 —
1238 1749 1380 1819 imp.
1424 1756 1548 1803 not.
1590 1751 1713 1804 242.
1756 1749 1879 1802 247.
1921 1748 2048 1803 275.
2116 1738 2123 1744 ’

1133 1837 1513 1892 Gurradellus
1551 1838 1622 1892 de
1660 1838 2139 1892 Montecucckari
2182 1837 2302 1891 185.

1126 1925 1510 1982 Conradinus
1550 1926 1694 1995 (dux
1734 1926 1971 1995 Suevie)
2014 1926 2137 1981 774.
2179 1925 2303 1980 775.

1133 2046 1200 2055 -
1239 2015 1309 2069 de
1346 2015 1510 2069 Luca
1547 2021 1666 2085 pot.
1712 2015 1876 2069 Vult.
1919 2017 2045 2069 942.

1121 2101 1436 2157 conradus
1472 2103 1534 2156 11
1573 2104 1714 2174 imp.
1761 2105 1879 2156 121.

1133 2224 1198 2231 —-
1238 2208 1340 2246 rex
1379 2192 1543 2245 filius
1579 2191 1864 2247 Friderici
1897 2192 1956 2245 ΙΙ
1998 2193 2138 2262 imp.
2181 2192 2304 2245 614.

1135 2312 1202 2321 —
1243 2280 1313 2334 de
1352 2281 1633 2335 Trivellis
1686 2282 1956 2349 (fflfels)
2011 2298 2114 2351 pro
2166 2281 2306 2350 imp.

1204 2369 1276 2423 de
1316 2370 1373 2423 S.
1404 2370 1658 2423 Miniato
1685 2375 1745 2424 et
1771 2369 1936 2423 curia
1961 2369 2310 2439 capitaneus

1206 2464 1266 2512 et
1304 2459 1669 2512 castellanus
1705 2457 1829 2511 493.

1137 2579 1202 2587 -
1242 2563 1435 2601 eomes
1476 2547 1756 2616 (Familie
1785 2547 2147 2614 unbekannt)
2186 2544 2305 2598 183.

1139 2667 1206 2676 —
1245 2634 1317 2689 de
1354 2635 1778 2705 Montemagno
1813 2642 1938 2705 pot.
1979 2634 2149 2688 Vult.
2182 2634 2306 2688 693.

1138 2754 1203 2763 -
1246 2724 1316 2777 de
1394 2723 1629 2777 Palatio
1703 2723 2051 2793 capitaneus
2124 2722 2312 2792 partis

1211 2812 1459 2868 Guelfae
1497 2813 1653 2866 Flor.
1694 2812 1820 2867 842.
1860 2811 1986 2866 844.

1142 2934 1207 2942 -
1248 2902 1343 2972 qd.
1384 2901 2160 2957 BonefidantiaeVult.336.
2183 2901 2309 2955 384.

1197 2990 1333 3044 -385,
1374 2990 1498 3044 393.
1539 2993 1664 3044 402.
1705 2992 1830 3044 422.

1139 3112 1204 3119 —-
1244 3079 1316 3133 de
1353 3080 1547 3132 Honic
1584 3079 1708 3133 751.

1138 3197 1206 3210 --
1245 3168 1438 3221 Iacobi
1503 3169 1655 3222 civis
1714 3169 1850 3223 Sen.
1906 3171 2311 3238 (Bousiqnori)

1209 3256 1332 3311 763.
1373 3256 1497 3312 764.

1141 3377 1208 3385 -
1244 3345 1316 3399 de
1354 3345 1697 3402 Montaione
1734 3348 1859 3400 240.

1143 3465 1208 3474 -
1249 3435 1319 3489 de
1356 3435 1724 3490 Montalcino
1762 3436 1927 3489 Vult.
1970 3436 2121 3490 dioc.
2162 3435 2285 3488 574.

1142 3555 1208 3562 —-
1247 3522 1610 3578 Rustichelli
1650 3524 1722 3578 de
1762 3524 1925 3578 Luca
1960 3524 2084 3578 680.

1139 3641 1214 3653 —
1245 3612 1320 3666 de
1356 3612 1630 3683 Uuayme
1669 3612 1794 3667 751.

1146 3701 1552 3755 Consortanus
1587 3704 1740 3756 siehe
1779 3703 2199 3756 Cortesonuus.

1132 3790 1380 3861 ·Coppus
1434 3792 1529 3860 qd.
1586 3792 1888 3846 Lamberti
1953 3792 2129 3845 iudex
2192 3798 2311 3862 pot.

1217 3880 1340 3934 Pis.
1380 3881 1505 3935 848.
1546 3880 1671 3935 877.

1147 3968 1483 4023 corbanum
1548 3972 1942 4038 (verm-holten,
1996 3972 2082 4024 bei
2146 3971 2312 4036 Volt„

1218 4061 1616 4114 amcheinend
1646 4062 1732 4114 bei
1765 4061 2161 4130 Piancorboli)
2193 4062 2314 4113 121.

1217 4147 1344 4202 284.
1385 4148 1527 4218 780;
1570 4150 1712 4204 ecel.
1755 4167 1802 4204 s,
1845 4149 2179 4204 Michaelis,

1146 4235 1400 4291 Corbulo
1437 4256 1566 4293 can.
1609 4239 1776 4293 Vult.
1820 4239 1941 4293 108.

1146 4357 1220 4366 -
1255 4324 1327 4392 de
1359 4326 1648 4390 ,civitella
1681 4328 1807 4382 319.
1847 4328 1973 4382 320.

1149 4414 1303 4486 Cori,
1332 4434 1500 4480 rocca
1535 4418 1608 4472 de
1647 4420 1978 4487 (Boeo-hetta
2016 4419 2079 4472 dz·
2119 4420 2323 4487 Poyyi—

1216 4505 1382 4559 bonsi
1418 4508 1503 4561 bei
1546 4507 1898 4578 Castiylione
1935 4512 2021 4561 im
2064 4507 2320 4575 Eleatal)

1221 4594 1342 4650 123.

1137 4685 1471 4742 Corianum
1513 4687 1817 4755 (Coriono)
1855 4687 1909 4739 8.

2222 501 2515 539 ΒΕΟῙΒΤΕΒ

2416 682 2804 736 Cornacaium
2829 684 2966 749 (Ort
2988 684 3392 737 unbekannt&
3410 686 3585 752 lage,

2484 771 2636 825 wohl
2676 772 2824 825 nahe
2860 772 2946 825 bei
2998 772 3168 840 Voce.)
3215 771 3336 823 121.

2416 857 2757 929 cornetum,
2841 858 3205 927 Corgnetum
3294 862 3589 927 (Gon-neto)

2485 949 2609 1002 616.
2651 950 2775 1002 686.

2416 1037 2633 1093 Cornia
2669 1037 2892 1093 fluvius
2932 1038 3201 1104 (Um-nia)
3246 1036 3364 1090 113.
3410 1036 3532 1089 183.

2415 1157 2505 1195 —,
2547 1126 2715 1180 curia
2750 1126 2821 1180 de
2863 1126 3305 1195 (verscholleuer
3351 1130 3455 1179 Ort
3506 1131 3593 1178 im

2486 1217 2660 1269 obern
2715 1216 3041 1283 (formarat)
3098 1214 3225 1267 218.
3282 1213 3407 1266 834.
3460 1213 3589 1266 837.

2485 1305 2612 1358 840.
2654 1305 2780 1357 994.

2418 1424 2504 1463 -,
2547 1392 2787 1448 abbatia
2822 1393 2893 1445 de
2947 1394 3374 1455 (uubekannter
3412 1394 3591 1461 Laqe)

2486 1484 2611 1535 208.
2651 1482 2777 1535 403.
2806 1483 2931 1534 405.

2418 1570 2695 1640 Cornin0‚
2737 1570 2878 1623 eccl.
2921 1587 2969 1624 s,
2993 1569 3285 1623 Mammae
3326 1569 3387 1622 in
3417 1570 3595 1635 (ιιόἠὶ

2488 1664 2553 1713 in
2584 1659 3107 1713 verschwmzdevaen
3130 1659 3353 1712 Kastell
3375 1660 3523 1711 (loru
3533 1662 3595 1711 ia

2492 1753 2557 1802 in
2609 1749 2717 1803 γαί
2751 1748 2816 1801 di
2859 1748 3100 1817 Cor-nia)
3144 1748 3265 1800 106.

2417 1837 2743 1892 Coruinum
2775 1837 2903 1905 (da-9
2928 1838 3087 1890 obet-e
3109 1837 3436 1903 Cornialal)
3466 1837 3593 1890 168.

2490 1927 2612 1980 169.
2658 1925 2777 1980 175.
3184 1958 3189 1965 -

2419 2014 2805 2070 Corninensis
2836 2015 3159 2069 comitatus
3187 2015 3596 2084 (gleichbedeu-

2491 2105 2629 2159 tend
2668 2107 2779 2158 mit
2813 2103 3300 2174 Populoniensis)
3345 2106 3430 2157 11.

2420 2192 2799 2261 Cornocchio,
2853 2192 3160 2261 Curnocle‚
3203 2191 3443 2262 podium
3500 2192 3593 2260 de,

2490 2298 2668 2352 prope
2705 2281 3152 2335 heremitorium
3195 2283 3433 2349 (l’quio
3463 2282 3600 2334 Cor-

2492 2372 2694 2424 uocehi
2731 2371 2816 2424 bei
2857 2371 3257 2435 anmialla)
3296 2369 3384 2422 38.
3426 2371 3553 2422 240.

2421 2456 2710 2527 Coronna,
2752 2458 2893 2512 eccl.
2935 2458 3006 2512 de
3044 2457 3169 2511 766.

2422 2546 2725 2616 Con-ente,
2750 2546 2951 2616 cortis,
2981 2546 3176 2615 vinea,
3212 2547 3311 2600 via
3347 2546 3604 2615 antiqua

2491 2635 2563 2688 de
2619 2636 3049 2702 (unbekanuter
3097 2636 3203 2689 Θή
3252 2639 3337 2688 im
3388 2635 3603 2688 Volter-

2492 2726 2831 2792 ranisclaen)
2853 2724 2942 2778 64.
2966 2724 3055 2778 69.
3081 2723 3170 2777 79.
3193 2724 3285 2777 80.
3318 2723 3439 2777 108.
3474 2723 3599 2776 133.

2423 2813 2693 2885 Coi-rigia
2733 2816 3058 2884 (L'oroeyyio
3095 2814 3180 2867 bei
3206 2814 3442 2882 Reyqio)
3469 2812 3599 2866 693.

2423 2902 2660 2958 Corsica
2695 2903 2820 2957 207.

2424 2992 2710 3047 Cor-sinus
2737 2993 2905 3047 Vult.
2950 2998 3073 3062 pot.
3114 2991 3240 3046 497.
3284 2991 3431 3061 (498.
3472 2993 3601 3045 501.

2492 3082 2643 3150 502).

2424 3169 2673 3225 Corsina
2689 3171 2966 3239 (Cor-sena
2980 3170 3067 3223 bei
3088 3171 3284 3238 Baym‘
3297 3169 3361 3223 di
3382 3169 3603 3225 Luc-oa)

2498 3259 2617 3313 135.
2922 3307 2927 3310 ,

2425 3347 2641 3402 Corsus
2668 3365 2824 3418 mag.
2848 3364 3075 3417 prepos.
3100 3346 3171 3400 de
3197 3344 3452 3400 Peccioli
3472 3344 3604 3398 433.

2426 3558 2491 3566 —-
2530 3526 2783 3579 Rinucci
2825 3525 3003 3579 iudex
3038 3526 3163 3579 815.

2427 3615 2851 3684 Cortesonnus,
2895 3615 3300 3668 Consortanus
3349 3612 3608 3682 preposi-

2494 3709 2598 3758 tus
2636 3704 2802 3757 Aret.
2844 3703 2969 3757 319.
3009 3703 3137 3756 320.
3164 3702 3290 3755 323.
3319 3701 3445 3754 328.
3472 3701 3602 3754 240.

2495 3793 2621 3845 341.
2661 3791 2787 3846 342.
2829 3791 2954 3845 344.
2994 3791 3119 3844 345.
3160 3789 3286 3843 350.
3321 3789 3447 3843 354.
3474 3789 3604 3842 366.

2428 3881 2755 3951 Cortipaldi
2797 3883 2904 3949 (bei
2942 3880 3260 3948 Florem-22)
3299 3879 3423 3933 304.

2429 3971 2687 4026 Cortona
2728 3971 3033 4039 (Cortona)
3072 3969 3197 4023 963.

2429 4061 2616 4116 Corvo
2654 4059 2972 4114 familiaris
3008 4058 3331 4113 Alexandri
3377 4059 3608 4129 cappel-

2501 4149 2625 4204 lani
2665 4167 2813 4220 pape
2851 4150 2975 4202 529.
3016 4149 3141 4203 530.

2431 4238 2701 4308 Cotiano,
2744 4239 2952 4307 curtis,
2982 4237 3133 4292 villa
3157 4236 3228 4292 de
3257 4239 3447 4305 (Villa
3477 4238 3611 4291 Coz-

2500 4344 2649 4382 zano
2663 4328 2935 4382 nordlich
2950 4344 3062 4382 von
3080 4328 3356 4392 Volterra,
3372 4327 3613 4382 damah

2500 4434 2611 4471 zur
2628 4417 2792 4486 plebs
2826 4418 3060 4471 Melzi
3079 4418 3338 4486 qehoriy)
3366 4415 3457 4469 60.
3482 4415 3607 4469 108.

2500 4507 2626 4560 240.
2666 4505 2792 4560 275.

2434 4595 2819 4665 Coturgnano
2834 4596 2855 4662 (
2864 4597 3133 4650 Paitoi-ia
3152 4595 3361 4650 Cotorn
3369 4598 3506 4649 ἰαηο
3522 4595 3614 4648 bei

2506 4684 2795 4752 Sovicille)
2830 4683 2925 4744 85.
