4000 5700
1042 523 1490 580 REGESTUM
1529 524 2213 579 VOLATERRANUM
2749 526 2850 580 321

400 724 735 800 utriusque
775 724 1199 794 conveniant3
1299 722 1350 781 si
1404 722 1702 782 comunia
1759 721 2025 783 fecerint
2079 722 2435 799 generalem
2479 723 2849 796 exercitum,

398 820 638 897 eligant
681 820 1087 899 capitaneum
1140 819 1495 897 generalem
1553 818 1650 878 vel
1707 818 1954 898 plures;
2050 821 2508 881 conventiones
2563 823 2855 881 iurentur

398 915 688 995 quolibet
727 936 899 977 anno
940 934 1055 993 per
1107 922 1500 995 potestatem
1555 923 1624 976 et
1677 917 2120 995 capitanatum
2216 918 2273 977 ei
2324 918 2467 995 quis
2522 919 2855 996 utriusque

396 1014 593 1074 fuerit
632 1012 1028 1075 derobbatus
1071 1015 1134 1074 in
1173 1013 1471 1074 districtu
1517 1014 1795 1081 alteriuS,
1839 1018 2127 1091 potestas
2168 1015 2304 1075 eius
2338 1013 2681 1092 compellat
2708 1015 2851 1076 rob·

402 1114 692 1174 batorem
736 1114 820 1173 ad
859 1113 1356 1183 restitutionem,
1389 1111 1824 1190 cognoscendo
1865 1112 2000 1172 sine
2042 1112 2315 1190 strepitu
2347 1112 2585 1183 iudicii,
2627 1120 2693 1173 et
2735 1133 2856 1192 pu·

401 1196 572 1279 niatss
678 1213 1035 1285 potestates
1085 1209 1422 1286 utriusque
1480 1226 1624 1267 cum
1683 1207 2001 1285 aliquibus
2065 1207 2463 1287 sapientibus
2518 1210 2585 1273 in
2641 1209 2861 1270 medio

399 1308 614 1367 martii
669 1306 754 1366 ad
808 1307 1223 1368 tractandum
1276 1306 1358 1366 de
1413 1305 1741 1367 inferendo
1782 1305 2068 1384 dampno
2112 1307 2386 1367 inimicis
2426 1307 2850 1379 conveniant;

398 1404 575 1464 nulla
600 1404 960 1482 repre-sallia
1001 1404 1392 1465 concedatur
1416 1408 1643 1464 contra
1671 1405 1840 1465 cives
1881 1403 2179 1476 alterius;
2260 1406 2588 1483 pactiones
2615 1405 2850 1468 durent

401 1503 483 1564 ad
513 1502 577 1562 X
600 1521 833 1572 annos:
916 1522 1045 1563 non
1075 1503 1474 1582 preiudicent
1502 1503 1795 1564 societati
1821 1504 1988 1565 inter
2016 1522 2284 1565 comune
2313 1502 2454 1564 Sen.
2485 1510 2552 1565 et
2580 1523 2851 1566 comune

399 1600 585 1661 Mass
629 1609 697 1661 et
737 1605 986 1677 partem
1031 1599 1323 1660 Guelfam
1367 1597 1533 1669 Seu..
1579 1619 1692 1661 nec
1733 1602 2027 1661 societati
2068 1600 2238 1662 inter
2278 1621 2545 1663 comune
2574 1602 2751 1663 Vult.
2784 1608 2846 1663 et

397 1704 648 1777 partem
693 1697 987 1758 Guelfam
1016 1717 1124 1759 seu
1154 1698 1582 1759 comunitates
1617 1697 1873 1770 Tuscie3
1919 1696 2129 1759 locum
2158 1717 2286 1759 non
2314 1698 2593 1761 habeant
2625 1705 2850 1761 contra

399 1797 610 1857 Pieam
637 1797 700 1872 ¹).
745 1796 812 1857 Si
850 1796 1019 1855 inter
1060 1814 1327 1856 comune
1368 1795 1543 1856 Vult.
1588 1795 1687 1855 vel
1731 1797 1917 1857 Mass.
1962 1799 2031 1856 et
2057 1796 2355 1856 dominos
2384 1795 2464 1856 de
2493 1796 2847 1859 Sassoforte

395 1901 561 1956 esset
604 1913 848 1973 guerra,
894 1899 1192 1954 neutrum
1232 1893 1330 1954 his
1371 1894 1580 1973 pactis
1619 1898 1933 1954 teneatur.
2020 1893 2161 1953 Act.
2194 1894 2260 1954 in
2288 1903 2496 1954 castro
2542 1894 2846 1975 Ripoma-

393 1993 605 2052 rancie
647 1992 714 2051 in
740 1992 934 2053 domo
962 1992 1266 2052 comunis.
1349 1990 1613 2052 Alberto
1644 1996 1775 2053 not.
1806 1991 1912 2070 qd.
1945 1990 2306 2053 Alcheruoli
2353 1993 2435 2053 de
2473 1992 2648 2053 Vult.
2685 1993 2749 2054 N
2755 1994 2851 2055 uti

285 2101 300 2111 “
395 2089 499 2166 qd.
546 2088 740 2165 Righi
764 2089 846 2150 de
873 2088 1100 2149 Massa.
1135 2089 1435 2150 Rainerio
1460 2089 1567 2167 qd.
1597 2087 2011 2148 Provenzani.
2046 2088 2304 2149 Piacido
2342 2096 2473 2149 not.
2504 2088 2546 2149 f.
2578 2089 2839 2151 Prende.

393 2186 752 2248 Talavaczo
801 2189 906 2266 qd.
949 2186 1224 2247 Simonis
1276 2187 1357 2248 de
1412 2186 1912 2265 Ripamarancia
1952 2192 2030 2246 tt.
2130 2186 2411 2248 Parisius
2469 2187 2849 2249 Bemardini

394 2292 529 2345 not.
572 2284 655 2345 de
698 2284 871 2347 Vult.
913 2284 1107 2345 iudex
1149 2284 1282 2345 ord.
1327 2291 1396 2346 et
1435 2289 1571 2345 not.

716 2383 973 2444 Florem
1002 2382 1154 2443 Ast.
1189 2383 1381 2457 (Volt.
1410 2382 1573 2445 1288
1597 2383 1677 2443 ΙΙ
1705 2382 1762 2455 3,
1790 2404 1856 2443 n.
1887 2384 2071 2460 1216)
2109 2384 2281 2461 Oriq.
2331 2384 2468 2460 (aus
2506 2385 2849 2449 demelben

717 2481 1083 2558 Perqament
1123 2481 1239 2541 wie
1276 2501 1339 2541 n.
1385 2481 1549 2559 943).

396 2676 532 2735 945.
1822 2675 2305 2749 Μοπίεεστιάαή,
2349 2676 2389 2736 8
2430 2676 2625 2754 April
2663 2676 2842 2739 1289.

515 2774 747 2833 Bet-tus
787 2772 893 2853 qd.
939 2772 1264 2852 Raynaldi
1304 2779 1373 2834 et
1414 2772 1768 2835 Gnidootus
1808 2773 1851 2834 f.
1881 2773 2212 2835 Lamberti
2239 2773 2528 2835 consules
2555 2776 2845 2836 comunis

391 2872 471 2932 de
514 2873 734 2932 Monte
789 2869 1096 2932 Scudario
1151 2891 1298 2932 cum
1354 2870 1721 2932 consiliariis
1774 2877 1843 2933 et
1895 2872 2081 2935 bonis
2136 2873 2499 2934 hominibus
2554 2875 2842 2934 comunis

391 2971 865 3031 constituerunt
905 2969 1188 3031 Bindum
1232 2970 1578 3048 plebanum
1633 2970 1834 3050 plebis
1888 2991 1934 3032 s.
1977 2971 2287 3033 Iohannis
2342 2972 2422 3032 de
2481 2972 2843 3034 Casteliusti

389 3053 701 3126 sindicum
746 3067 1033 3126 comunis
1073 3085 1286 3127 coram
1328 3066 1751 3145 Raynerio
1807 3087 1903 3146 ep.
1948 3068 2124 3130 Vult.
2172 3068 2257 3130 ad
2310 3065 2691 3136 solutionem
2735 3089 2844 3131 ex·

387 3164 980 3224 communicationis
1020 3164 1104 3224 ab
1145 3184 1243 3243 ep.
1290 3164 1392 3224 vel
1424 3166 1558 3225 eius
1588 3164 1829 3226 sindico
1858 3167 2003 3227 late.
2087 3166 2231 3226 Act.
2262 3167 2485 3228 Monte
2535 3167 2843 3229 Soudario

389 3263 456 3322 in
500 3262 608 3322 via
647 3262 907 3339 publica
943 3282 1134 3341 super
1174 3269 1518 3341 anteportu
1561 3264 1752 3323 ianue
1790 3283 1957 3325 nove
2014 3264 2177 3327 dicti
2202 3265 2438 3326 castri.
2535 3264 2843 3339 MOCXO,

387 3361 516 3422 ind.
562 3359 780 3440 [II]')‚
824 3360 919 3422 VI
962 3362 1044 3422 id.
1088 3380 1220 3440 apr.
1265 3362 1615 3423 secundum
1659 3362 1920 3423 modum
1965 3364 2371 3426 notariorum
2416 3364 2645 3424 Pisane
2692 3365 2843 3424 civi·

389 3459 560 3518 tatis,
645 3458 924 3519 Blancus
963 3459 1006 3518 f.
1050 3458 1381 3521 Lamberti
1420 3458 1641 3520 Nibbii
1680 3459 1761 3519 de
1801 3457 2023 3521 Monte
2064 3460 2369 3522 Scudario
2411 3467 2545 3522 not.

718 3556 875 3617 Volt.
924 3557 1158 3618 AVesc.
1201 3576 1249 3617 s.
1295 3556 1481 3618 XIII
1524 3557 1644 3618 dec.
1690 3556 1730 3617 9
1769 3577 1832 3616 n.
1883 3559 1957 3617 71
2003 3557 2173 3635 Oriq.

394 3752 529 3810 946.
1647 3752 1921 3824 Florenz,
1952 3753 1992 3813 3
2032 3753 2165 3812 und
2205 3753 2244 3813 4
2290 3753 2619 3813 November
2662 3753 2837 3814 1289.

507 3848 845 3909 Processus
871 3855 1023 3910 ante
1051 3848 1395 3930 Rogerium
1424 3869 1562 3910 can.
1597 3849 2054 3922 Florentinum,
2085 3850 2571 3930 subdelegatum
2607 3852 2837 3930 Uguic·

535 4030 547 4056 ¹
560 4031 577 4093 )
615 4029 722 4079 Die
757 4030 1086 4080 Neutralitdt
1119 4030 1415 4092 qeqenfiber
1450 4031 1604 4090 Pisa,
1642 4046 1810 4093 qeqen
1844 4031 1944 4080 dae
1982 4032 2155 4093 Papst
2203 4030 2475 4080 Nicolaum
2524 4031 2611 4080 IV
2656 4046 2835 4094 weqen

385 4119 800 4181 Beqiinstiqunq
846 4120 938 4168 des
984 4119 1194 4168 damals
1240 4133 1364 4167 zum
1415 4119 1631 4169 zweiecn
1685 4120 1837 4169 Male
1892 4119 2446 4169 exkommunizierten
2504 4120 2677 4170 Guido
2734 4136 2836 4169 von

385 4207 650 4267 Monttort
699 4207 756 4271 (7
792 4208 960 4270 April
997 4210 1150 4267 1289,
1190 4208 1448 4271 Εαηρὶοἰε
1484 4224 1537 4257 n.
1577 4210 1741 4272 2174)
1779 4209 1938 4258 einen
1983 4209 2211 4258 Proteos
2260 4209 2482 4272 erdffnet
2533 4209 2691 4269 hatte,
2729 4215 2840 4259 ent-

384 4297 581 4358 opo-ach
614 4297 707 4346 der
743 4296 945 4346 Politen
989 4297 1266 4347 Volcei-rae.
1340 4297 1446 4346 Dio
1501 4297 1856 4361 oudjenliqa,
1893 4297 1981 4347 die
2037 4298 2140 4357 aus
2187 4277 2281 4347 der
2325 4298 2667 4348 Bundeoakte
2718 4313 2834 4347 vom

387 4387 420 4434 8
457 4384 699 4434 Febr-nar
737 4387 870 4434 1281
909 4385 1135 4444 ber-uhta,
1171 4386 1350 4435 warde
1386 4401 1478 4434 am
1514 4387 1582 4436 23
1619 4387 1778 4436 Mdrz
1811 4388 1950 4437 1287
1978 4386 2319 4450 (David-’olm
2343 4386 2727 4451 Forschunqen
2758 4387 2833 4436 II

386 4475 488 4523 227
526 4490 579 4523 n.
623 4474 784 4539 1700)
822 4475 937 4524 und
977 4477 1004 4523 7
1043 4475 1262 4524 Oktober
1303 4477 1438 4525 1289
1475 4482 1712 4524 ermuert
1747 4476 1862 4525 und
1908 4476 2078 4525 durch
2113 4475 2425 4535 Ausnahme
2475 4477 2569 4526 der
2608 4475 2832 4537 Gudlen

384 4579 487 4613 von
520 4563 717 4612 Arezzo
755 4563 998 4626 qestdrkt.
1039 4565 1235 4613 Massa
1271 4565 1475 4626 qeho‘rte
1513 4563 1599 4614 ihr
1635 4564 1780 4613 nicht
1819 4564 2164 4614 unmittelbar
2199 4579 2293 4624 an,
2330 4580 2442 4614 war
2489 4565 2617 4615 aber
2664 4565 2831 4615 durch

383 4653 470 4701 die
513 4653 762 4715 Vertrciqe
799 4667 915 4701 vom
955 4655 1020 4702 :25
1059 4653 1223 4714 April
1259 4655 1397 4702 12?ss
1423 4653 1737 4716 vollstdndiq
1762 4661 1916 4703 unter-
1939 4653 2139 4703 Simas
2168 4653 2574 4715 Vorherrschalt
2599 4662 2829 4717 qen-acen.

387 4743 434 4804 ²)
471 4742 610 4790 Zau
644 4745 868 4791 zer-seori.

602 4923 662 4968 ’.Ἴ
