4000 5700
1073 525 1522 584 REGESTUM
1559 527 2252 585 VOLATERRANUM
2781 535 2891 587 315

432 739 549 798 pro
589 740 656 781 se
698 726 765 781 et
804 720 1161 799 Margarita
1199 721 1493 783 fecerunt
1535 722 1750 785 osculo
1793 743 2037 802 pacem.
2082 724 2600 786 Ratificaverunt
2640 732 2889 787 contra-

433 822 613 878 ctum
654 817 903 879 factum
944 820 1115 879 inter
1156 817 1216 879 b.
1247 838 1331 879 m.
1362 818 1934 897 Ildibr(andinum)
1978 823 2281 882 comitem
2319 822 2397 882 de
2427 822 2665 883 Sancta
2706 822 2893 885 Flora

431 919 500 974 et
539 914 1114 994 Ildibr(andinum)
1161 917 1464 977 comitem
1522 917 1603 978 de
1658 916 1873 978 Suana
1928 937 2123 1001 super
2176 920 2489 981 divisione
2545 923 2892 982 comitatus

430 1010 892 1074 Ildibrandiski
933 1015 1245 1092 scriptum
1289 1034 1329 1074 a
1371 1014 1632 1075 Pilistro
1670 1022 1741 1076 et
1779 1015 1973 1077 Petro
2015 1016 2097 1076 de
2137 1017 2421 1080 Proceno
2465 1025 2596 1079 not.
2626 1026 2693 1079 et
2746 1038 2892 1079 con·

433 1117 682 1172 tractus
722 1113 1268 1191 permutationem
1310 1114 1706 1192 posteriores,
1751 1113 2194 1175 Promiserunt
2248 1117 2416 1177 inter
2455 1135 2523 1176 se
2565 1116 2894 1196 privilegia

430 1228 544 1269 seu
585 1210 1016 1271 instrumenta
1059 1209 1365 1272 facientia
1409 1210 1491 1273 ad
1533 1214 1917 1273 comitatum
1947 1214 2013 1272 in
2040 1213 2373 1291 publicum
2414 1213 2682 1274 exibere.
2727 1213 2891 1275 Ilde·

434 1307 788 1368 brandinus
828 1307 892 1367 N
895 1308 1142 1368 ovellus
1171 1315 1241 1369 et
1268 1308 1500 1370 fratres
1530 1315 1855 1370 cesserunt
1883 1309 2164 1371 Guidoni
2193 1310 2274 1371 de
2301 1310 2679 1371 Mouteforti
2708 1331 2897 1372 omne

433 1405 531 1464 ius
573 1406 643 1464 in
682 1411 894 1466 castro
934 1405 1373 1477 Montemassi,
1403 1406 1471 1466 in
1500 1406 1941 1468 castellaribus
1969 1408 2160 1468 dictis
2202 1407 2551 1469 Calvellum
2595 1414 2663 1469 et
2706 1409 2891 1470 Gros-

433 1503 675 1573 seteUO,
717 1504 785 1564 in
826 1504 1177 1583 Baggiano,
1219 1503 1591 1575 Civilesch0‚
1636 1505 1833 1565 Volta
1869 1504 2275 1583 Maglianese,
2324 1505 2388 1566 in
2429 1508 2656 1568 castris
2696 1506 2892 1568 Radi-

433 1599 688 1662 condoli
729 1606 795 1660 et
836 1601 1235 1680 Monteguidi
1280 1601 1507 1679 positis
1565 1603 1630 1662 in
1682 1603 2060 1680 episcopatu
2102 1601 2300 1675 Vult„
2358 1604 2424 1662 in
2480 1604 2643 1663 med.
2693 1601 2894 1665 saline

437 1698 534 1759 vel
578 1701 758 1777 putei
802 1718 965 1777 aque
1007 1699 1172 1759 salse
1214 1700 1282 1760 in
1322 1699 1624 1760 districtu
1665 1699 2177 1778 Montisgiemoli.
2237 1702 2293 1762 E
2336 1721 2644 1764 converso
2685 1700 2895 1763 Guido

433 1796 513 1855 de
553 1795 933 1857 Monteforti
975 1798 1164 1857 cessit
1204 1798 1296 1857 eis
1338 1797 1438 1857 ius
1483 1797 1550 1857 in
1591 1799 1819 1858 castris
1873 1798 1954 1858 de
2011 1798 2316 1871 Belfortc,
2359 1798 2602 1871 Siliani,
2645 1800 2892 1860 Monte·

433 1892 666 1967 gemoli
707 1893 936 1970 positis
975 1894 1043 1952 in
1086 1895 1460 1972 episcopatu
1504 1892 1700 1964 Vult„
1749 1895 1814 1953 in
1857 1894 2347 1972 argentifodinis
2388 1894 2660 1967 Silvano,
2692 1897 2759 1955 in
2790 1895 2893 1955 he·
2981 1895 2986 1899 ’

433 2009 610 2051 remo
652 2009 699 2050 a.
744 1991 1009 2059 Trinite,
1055 1991 1123 2051 in
1164 1990 1404 2052 Sancto
1434 1990 1694 2051 Donato
1722 1997 1790 2051 et
1816 1993 1953 2052 eius
1979 1992 2164 2065 silva,
2194 1994 2261 2053 in
2288 1993 2593 2071 hospitali
2619 1993 2701 2053 de
2727 1993 2895 2054 Losa

433 2091 501 2147 et
542 2087 698 2147 fecit
739 2088 930 2148 finem
976 2088 1056 2148 de
1100 2089 1296 2159 omni,
1343 2089 1516 2167 quod
1559 2094 1775 2166 petere
1819 2095 2035 2166 posset
2076 2089 2155 2150 de
2184 2097 2371 2168 parte
2406 2091 2673 2151 dimidia
2702 2091 2898 2151 castri

434 2185 791 2247 Rocchette
834 2187 940 2263 qd.
984 2184 1233 2258 Soarzi;
1280 2205 1422 2264 pen.
1467 2186 1685 2246 decem
1734 2186 1906 2245 milia
1949 2206 2141 2247 marc.
2186 2207 2316 2266 arg.
2369 2188 2435 2247 Si
2475 2207 2605 2267 pax
2646 2186 2891 2264 frange-

435 2289 628 2357 retur,
674 2284 838 2344 med.
883 2284 1170 2344 civitatis
1213 2282 1496 2344 Grosseti
1523 2282 1882 2361 applicetur
1909 2286 2081 2362 parti
2112 2286 2237 2345 lese
2254 2306 2270 2357 ;
2300 2284 2357 2345 si
2382 2305 2499 2364 pro
2526 2290 2712 2364 parte
2744 2285 2893 2345 Gui-

432 2381 619 2442 donis
661 2381 739 2441 de
781 2380 1159 2442 Montefotti
1201 2400 1329 2459 pax
1370 2380 1790 2458 frangeretur,
1831 2402 1964 2442 non
2004 2383 2210 2443 solum
2255 2382 2418 2443 med.
2451 2381 2752 2454 Grosseti,
2781 2381 2895 2442 sed

432 2479 631 2539 etiam
675 2481 790 2551 ina,
834 2479 1010 2557 quod
1051 2478 1295 2539 habent
1336 2479 1403 2539 in
1444 2484 1656 2538 castro
1689 2478 2075 2558 Caleggiani,
2108 2481 2511 2559 applicentur
2551 2479 2896 2541 comitibus

433 2577 514 2636 de
554 2575 798 2637 Sancta
836 2575 1042 2635 Flora.
1087 2575 1482 2636 Pertinentie
1522 2577 1860 2654 utriusque
1903 2578 2105 2654 partis
2145 2577 2553 2639 declarentur
2577 2596 2693 2656 per
2720 2576 2892 2637 Guil-

434 2673 718 2735 lielmum
760 2674 1032 2734 militem
1067 2674 1376 2734 comitum
1406 2674 1487 2733 de
1516 2672 1754 2734 Sancta
1793 2672 1983 2733 Flora
2015 2680 2083 2735 et
2111 2674 2596 2736 Caeciacontem
2622 2675 2894 2735 militem

435 2772 717 2850 ipsorum
761 2774 828 2830 et
868 2769 1210 2846 Margarita
1238 2774 1306 2830 et
1333 2769 1706 2830 Ranaldum
1733 2769 1814 2829 de
1843 2769 2128 2831 Bustolis
2156 2772 2364 2831 civem
2394 2772 2590 2842 Aret„
2621 2790 2895 2850 quorum

433 2868 805 2930 diffinitioni
841 2874 1058 2947 partes
1099 2869 1406 2940 stabunt;
1449 2869 1570 2928 sub
1613 2887 1783 2947 pena
1821 2869 1920 2930 CC
1962 2888 2153 2930 marc.
2192 2889 2322 2949 arg.
2407 2871 2642 2932 Tortus
2671 2870 2751 2930 de
2778 2870 2891 2932 Ca-

434 2963 873 3044 stiglioneello,
918 2965 1062 3043 Ugo
1105 2966 1187 3025 de
1229 2965 1645 3045 Sco[rci]ano,
1691 2966 1949 3044 Zanpus
1989 2967 2070 3027 de
2113 2967 2418 3047 Sal-pene,
2463 2968 2773 3046 Ugolinus
2814 2967 2896 3029 de

438 3065 655 3126 Pietra
695 3064 968 3125 barones
1009 3063 1306 3143 precibus
1346 3065 1657 3124 comitum
1699 3063 1934 3125 Sancte
1961 3064 2164 3135 Flore,
2195 3064 2536 3126 Soarzinus
2564 3066 2645 3125 de
2674 3065 2894 3129 Monte

438 3163 698 3240 Agutia‚
741 3160 1090 3222 Catellinus
1131 3160 1212 3221 de
1254 3160 1640 3230 Ansedonia,
1686 3161 1899 3222 Guido
1938 3161 2021 3223 de
2065 3162 2253 3235 Ravi,
2297 3161 2518 3223 Simon
2575 3163 2654 3223 de
2708 3164 2895 3224 Tacti

437 3259 730 3339 precibus
773 3259 1085 3320 Guidonis
1127 3265 1194 3319 et
1236 3259 1582 3337 Margarite
1622 3258 2039 3320 fideiussoreS.
2124 3261 2265 3320 Act.
2310 3262 2379 3321 in
2407 3261 2765 3322 confinibus
2792 3281 2892 3321 ca·

436 3358 553 3418 stri
593 3356 673 3416 de
716 3357 958 3419 Sancta
997 3357 1188 3418 Flora
1228 3363 1298 3419 et
1336 3359 1530 3418 castri
1573 3357 1759 3418 Plani
1799 3358 2247 3424 Castansrnarii
2288 3361 2456 3419 inter
2484 3360 2620 3438 ipsa
2649 3362 2717 3419 in
2759 3360 2895 3420 loco

435 3455 657 3534 Canpo
701 3453 947 3516 Ulciolo
975 3458 1041 3530 ¹).
1166 3455 1452 3516 Moricho
1495 3474 1591 3534 ep.
1638 3455 1979 3517 Suanense.
2027 3456 2484 3517 Ildebrandino
2532 3458 2766 3517 comite
2814 3457 2895 3518 de

436 3553 774 3614 Romania.
820 3553 1280 3613 Ildebrandino
1321 3554 1649 3631 preposito
1692 3553 2100 3613 GrossetanO.
2152 3553 2441 3615 Ranutio
2490 3553 2766 3631 Peponis
2815 3554 2894 3614 de

436 3651 729 3712 Farnese.
773 3651 967 3711 Nerio
1009 3652 1090 3711 de
1133 3651 1354 3716 Monte
1389 3650 1667 3711 Merano.
1701 3649 1915 3711 Bindo
1948 3651 2310 3711 Basckiera.
2343 3651 2627 3713 Gerardo
2654 3651 2893 3712 Torna-

435 3748 654 3826 quinci
694 3749 777 3809 de
819 3748 983 3809 Flor.
1027 3748 1277 3809 Matteo
1319 3748 1545 3808 iudice.
1594 3748 1919 3826 Raynerio
1962 3749 2267 3809 Monaldi.
2313 3749 2643 3811 Sinibaldo
2671 3759 2737 3810 et
2765 3750 2891 3811 Ra-

439 3845 661 3906 nuccio
701 3845 782 3906 de
824 3845 1204 3906 Bacchariis.
1248 3845 1540 3906 Iohanne
1578 3845 1661 3906 de
1702 3846 1766 3906 la
1814 3845 2018 3907 Greca
2058 3847 2139 3906 de
2182 3846 2584 3908 Urbeveteri.
2637 3847 2894 3908 Minone

436 3943 517 4003 de
558 3941 897 4005 TalomeiS.
944 3943 1354 4004 Bartolomeo
1396 3943 1476 4003 de
1519 3943 1762 4005 Stiallis
1805 3945 1885 4004 de
1922 3944 2119 4005 Senis.
2151 3944 2431 4005 Follutio
2458 3946 2537 4005 de
2567 3944 2890 4007 Cabalbio.

436 4041 618 4103 Tollo
677 4043 759 4103 de
819 4041 1318 4121 Monteorgiale.·
1354 4041 1680 4104 Ghinozzo
1735 4042 1818 4102 de
1871 4041 2229 4103 Sassoforte
2286 4048 2358 4103 tt.
2486 4042 2897 4104 Castraleone

437 4144 708 4199 vocatus
747 4138 974 4200 Castra
1015 4141 1173 4199 civis
1216 4139 1389 4199 Aret.
1439 4144 1568 4198 not.
1614 4144 1684 4200 et
1725 4145 1880 4200 tunc
1923 4137 2131 4198 scriba
2181 4140 2493 4200 comitum
2534 4139 2615 4200 de
2657 4139 2897 4202 Sancta

438 4235 644 4297 Flora.
757 4331 1017 4392 Florem:
1058 4331 1209 4391 Ast.
1257 4332 1445 4408 (Volt.
1489 4353 1552 4391 n.
1598 4331 1782 4407 1205)
1814 4331 1968 4409 Cop.
2013 4350 2127 4391 von
2172 4332 2334 4393 1305
2377 4333 2516 4410 (aus
2555 4332 2896 4395 demaelben

756 4430 1128 4506 Perqament
1169 4431 1282 4492 wie
1321 4451 1383 4491 n.
1429 4430 1550 4491 930
1592 4430 1722 4491 und
1763 4431 1928 4508 972).

585 4735 626 4800 ¹)
665 4737 775 4784 Der
812 4737 904 4784 Ort
944 4737 1013 4784 ist
1053 4736 1198 4784 nicht
1235 4736 1382 4784 mehr
1417 4737 1784 4794 leatzuatcllcn.
