4000 5700
1196 494 1305 547 338
1839 490 2285 545 REGESTUM
2323 491 3009 545 VOLATERRANUM

1199 691 1508 769 quatinus
1545 689 1632 750 ad
1676 689 1801 751 XV
1840 689 1978 750 dies
2006 689 2193 768 -ipws
2239 708 2403 768 pape
2444 691 2843 767 presentetiS.
2878 690 2974 750 De
3002 692 3473 768 presentatione
3499 690 3641 751 rela-

1198 788 1363 849 tioni
1401 787 1660 849 Prenzis
1699 786 1904 848 nostri
1944 787 2139 848 iurati
2184 787 2396 851 nuntii
2438 785 2631 847 fidem
2686 785 3005 847 dabimus.
3106 787 3256 848 Dat.
3316 787 3643 869 Bet-ignota

1198 886 1559 966 penultimo
1599 885 1755 957 dec,
1801 884 1972 945 XIII
2022 884 2177 955 ind„
2218 883 2936 947 MOCLXXXXVIHI.

1521 980 1786 1041 Flormz
1827 979 1978 1042 Ast.
2044 979 2238 1056 (Vols.
2280 979 2445 1041 1299
2483 980 2524 1040 I
2567 982 2623 1052 7,
2684 999 2747 1039 n.
2804 981 2991 1057 1430)
3056 980 3471 1059 'l'ronmmu
3522 1002 3647 1042 ωτι

1525 1079 1562 1138 7
1601 1078 1858 1138 Januar
1901 1077 2065 1138 1300
2108 1076 2773 1155 (Βίεοάὁεεοήνείότηιρ
2813 1079 2925 1138 wie
2966 1079 3117 1139 oben
3154 1099 3218 1140 π.
3261 1078 3425 1155 989).

1201 1275 1339 1335 991.
2768 1273 3059 1341 volterra,
3103 1274 3141 1333 1
3180 1274 3441 1335 Ianuar
3478 1273 3645 1336 1300.

1323 1372 1438 1433 Ser
1481 1370 1757 1432 Iacobus
1795 1370 2003 1449 presb.
2065 1375 2283 1431 custos
2335 1371 2640 1430 canonice
2692 1390 2740 1430 e.
2783 1370 2985 1430 Mai-ie
3036 1370 3119 1430 de
3160 1370 3337 1432 Vult.
3378 1369 3485 1433 die
3532 1371 3645 1432 kal.

1201 1469 1328 1530 ian.
1371 1470 1440 1529 in
1480 1466 1910 1530 celebratione
1951 1468 2292 1531 missarum
2331 1468 2399 1527 in
2439 1469 2666 1528 maiori
2705 1467 2857 1529 eccl.
2899 1467 3073 1529 Vult.
3115 1468 3531 1531 denuntiavit
3552 1488 3647 1530 ex-

1203 1567 1710 1629 communicatos
1751 1563 2180 1627 Vecohectam
2221 1563 2304 1625 de
2344 1564 2736 1645 Aceharigiis
2775 1564 2857 1625 de
2896 1563 3079 1625 Senis
3116 1564 3269 1626 olim
3290 1567 3337 1643 ¹)
3377 1572 3648 1645 potesta·

1203 1662 1578 1734 tem‚Vult.‚
1621 1661 1862 1723 Ninum
1907 1664 2045 1725 eius
2086 1661 2384 1734 iudicem,
2425 1680 2526 1722 ser
2565 1660 2811 1727 Nosum
2854 1669 2919 1723 et
2962 1680 3063 1722 ser
3116 1661 3475 1724 Colleczum
3527 1664 3650 1724 oe'us

1205 1761 1508 1828 notarios,
1543 1758 1705 1819 alios
1743 1760 1881 1821 eius
1920 1759 2288 1832 familiares,
2319 1757 2751 1820 Iohanninum
2794 1757 3160 1821 Benvenuti
3186 1770 3651 1838 procuratorem

1204 1857 1551 1935 potestatis
1592 1862 1660 1917 et
1698 1855 2138 1928 familiarium,
2180 1873 2295 1934 per
2334 1856 2721 1917 sententiam
2763 1854 2965 1933 latam
3006 1875 3121 1935 per
3162 1855 3650 1934 Raynerium

1204 1973 1304 2034 cp.
1325 1954 1502 2016 Vult.
1587 1953 1790 2016 Facta
1810 1953 2227 2017 denuntiatio
2247 1955 2315 2015 in
2333 1954 2484 2015 eccl.
2507 1953 2749 2015 Maiore
2769 1953 2943 2015 Vult.
3026 1954 3175 2016 Kal.
3204 1955 3331 2016 ian.
3360 1957 3428 2017 in
3456 1975 3650 2016 mane.

1209 2051 1442 2112 Baccio
1485 2052 1691 2113 iudice
1731 2070 1833 2112 ser
1876 2050 2276 2112 Bernardini.
2322 2051 2634 2132 Magistro
2675 2051 3006 2114 Brandino
3048 2051 3297 2114 medico
3334 2053 3379 2115 f.
3414 2053 3651 2115 Cinctii.

1206 2147 1515 2230 Magistro
1555 2149 1728 2211 Fede
1771 2148 2023 2210 medico
2064 2149 2171 2228 qd.
2220 2166 2323 2210 scr
2362 2149 2676 2229 Dolcepti.
2720 2150 2947 2212 Vanne
2986 2149 3094 2229 qd.
3137 2150 3323 2212 chini
3361 2150 3444 2212 de
3491 2150 3652 2212 Vult.

1209 2247 1394 2308 Bono
1435 2247 1652 2311 Puccii
1693 2248 1776 2309 de
1822 2246 2313 2327 Montespertoli
2364 2252 2444 2310 tt.
2538 2246 3255 2318 MOCLXXXXVIIIL
3297 2247 3425 2310 ind.
3474 2247 3653 2319 XIII,

1207 2343 1347 2421 kal„
1377 2346 1502 2406 ian.
1545 2345 1901 2407 secundum
1943 2346 2213 2407 modum
2255 2346 2654 2408 notariorum
2695 2345 2891 2415 Vult„
2936 2345 3243 2417 Bonifatii
3294 2365 3461 2425 pape
3502 2345 3671 2407 vm.

1210 2449 1388 2522 pont.
1432 2444 1506 2505 V.
1650 2444 2046 2506 Francescus
2091 2443 2460 2505 Rustiohini
2501 2443 2583 2504 de
2625 2443 2798 2505 Vult.
2849 2449 3020 2505 auct.
3075 2446 3227 2524 imp.
3282 2444 3477 2506 iudex
3530 2445 3652 2506 ord.

1209 2550 1278 2601 et
1317 2548 1451 2603 not.
1478 2541 1547 2620 ').

1533 2640 1793 2700 morena
1837 2639 1987 2700 Ast.
2041 2639 2227 2715 (Vou.
2272 2639 2434 2699 1299
2471 2638 2597 2711 11,
2641 2659 2703 2700 η.
2747 2640 2933 2715 1424)
2975 2640 3017 2702 2
3055 2639 3226 2717 criu.

1210 2838 1347 2899 992
2775 2836 3069 2908 Volso-ra,
3114 2838 3153 2898 4
3194 2837 3450 2899 ιῙιιπιιω·
3490 2837 3653 2899 1300.

1333 2932 2053 3006 MOCLXXXXVIIIL
2101 2935 2235 2995 ind.
2279 2933 2475 3007 XIII,
2532 2933 2674 2996 IIII
2723 2937 2872 3005 ian..
2916 2934 3233 2996 Bonifatii
3282 2954 3449 3016 pape
3504 2934 3655 2997 vm

1211 3038 1392 3112 pont.
1424 3032 1501 3093 V.
1603 3030 2018 3111 Accharigius
2060 3031 2145 3092 de
2188 3029 2782 3094 Basciacomaribus
2822 3031 3002 3092 miles
3040 3031 3122 3092 de
3157 3031 3452 3093 Bononia
3492 3039 3656 3111 pote·

1209 3137 1348 3193 stas
1373 3130 1570 3203 Vult„
1602 3129 1672 3190 II
1699 3135 1919 3208 partes
1949 3130 2479 3203 consiliariorum,
2509 3130 2649 3191 XII
2674 3132 3153 3198 constituerunt
3190 3138 3657 3211 procuratorem

1209 3247 1312 3315 ser
1351 3227 1607 3307 Pigium
1647 3233 1780 3289 not.
1825 3246 1928 3288 ser
1949 3226 2352 3288 Ber-nardini
2391 3227 2473 3288 de
2514 3227 2688 3288 Vult.
2730 3228 3085 3301 absentem,
3127 3247 3259 3306 non
3309 3227 3658 3290 revocando

1211 3326 1727 3406 procurationem
1770 3325 2018 3388 Vannis
2063 3325 2377 3387 Bel-nardi
2414 3326 2498 3387 de
2537 3324 2709 3387 Colle
2750 3322 2937 3387 vallis
2991 3326 3138 3389 Else
3190 3327 3258 3388 in
3315 3327 3658 3389 Romana

1213 3444 1244 3482 c
1265 3443 1306 3484 u
1322 3424 1390 3484 ri
1406 3444 1446 3485 a
1486 3426 1962 3497 commorantis,
2008 3424 2257 3486 factam
2296 3443 2411 3502 per
2449 3443 2552 3485 ser
2590 3423 3001 3485 Micchaelem
3034 3430 3170 3486 not.
3198 3424 3243 3486 f.
3274 3424 3657 3497 Bontalenti,

1212 3522 1324 3584 sed
1366 3523 1574 3602 ipsam
1615 3520 2082 3595 confirmandO,
2127 3521 2211 3583 ad
2252 3521 2729 3602 impetrandum
2772 3528 2841 3583 et
2867 3522 3437 3584 contradicendum
3465 3525 3533 3584 in
3555 3542 3658 3584 au·

1212 3621 1462 3683 dientia
1482 3622 1656 3682 curie
1678 3621 1973 3684 Romane
1998 3620 2247 3682 litteras
2268 3626 2406 3681 tam
2426 3618 2743 3698 simplices
2762 3638 2956 3699 quam
2981 3620 3281 3699 legendas
3305 3622 3374 3698 ⁸),
3395 3623 3659 3701 gratiam

1214 3724 1283 3777 et
1323 3718 1640 3779 iustitiam
1681 3716 2107 3791 continentes,
2151 3723 2221 3778 et
2262 3716 2345 3779 ad
2386 3718 2897 3779 conveniendum
2938 3717 3187 3780 deloco
3227 3725 3297 3780 et
3334 3718 3656 3788 iudicibus,

1211 3820 1283 3876 et
1323 3816 1391 3875 in
1430 3814 1729 3877 omnibus
1770 3813 1993 3876 litibus
2038 3815 2232 3876 motis
2270 3819 2339 3876 et
2366 3815 2702 3876 movendis
2727 3820 2955 3876 contra
2981 3835 3253 3877 comune
3278 3815 3455 3894 Vult.
3483 3822 3552 3878 et
3575 3815 3659 3878 of·

1215 3911 1449 3974 fitiales
1487 3912 1640 3982 eius,
1686 3911 1789 3974 vel
1827 3931 1942 3990 per
1993 3931 2265 3973 comune
2319 3921 2547 3973 eontra
2597 3931 3036 3992 quascumque
3090 3932 3416 3992 personae,
3457 3932 3660 3976 coram

1218 4009 1549 4072 Bonifatio
1586 4028 1762 4089 papa
1802 4008 1970 4070 VIII
2014 4015 2084 4070 et
2122 4009 2430 4071 fratribus
2456 4016 2526 4070 et
2551 4010 2676 4071 alio
2704 4029 3111 4090 quocumque
3137 4012 3348 4073 iudice
3375 4032 3477 4092 ap.
3506 4010 3660 4073 sedis

1215 4113 1284 4168 et
1324 4107 1745 4180 auditoribus,
1790 4106 1918 4168 alio
1948 4108 2159 4169 iudice
2187 4108 2332 4170 eccl.
2365 4107 2461 4170 vel
2493 4108 2779 4183 seculari,
2809 4109 3148 4182 ordinario,
3179 4109 3495 4191 delegato.
3523 4107 3661 4172 sub·

1209 4385 1214 4392 1
1365 4349 1409 4414 ¹)
1445 4348 1603 4399 Siehc
1638 4366 1693 4400 n.
1734 4351 1853 4400 989.
2006 4351 2064 4415 ²)
2104 4350 2228 4399 Dae
2263 4351 2439 4400 zwen’te
2475 4351 2620 4415 On’q.
2658 4351 2730 4401 ist
2766 4367 2867 4401 von
2903 4352 3097 4402 Simon
3131 4357 3249 4402 not.
3288 4350 3662 4403 Ildebrandini

1218 4440 1289 4489 de
1324 4438 1478 4488 Vult.
1517 4443 1666 4488 auct.
1707 4439 1839 4503 imp.
1881 4438 2052 4488 iudex
2090 4439 2209 4489 ord.
2248 4446 2308 4488 et
2345 4446 2463 4490 not.
2500 4440 2847 4502 queas-uben.
2945 4439 2992 4506 ⁸)
3037 4430 3178 4491 Uber
3209 4441 3356 4491 dices
3390 4439 3664 4505 aarum·

1217 4527 1306 4577 die
1343 4525 1826 4591 Kanaelet‘ordmnq
1879 4527 2188 4578 Nioolauae'
2226 4529 2334 4579 ΙΙΙ
2382 4543 2501 4579 vom
2538 4530 2604 4581 12
2631 4528 2872 4579 Febr-um·
2913 4531 3071 4586 1278,
3110 4529 3291 4594 Tanai
3331 4527 3664 4581 Komedai·

1218 4630 1441 4679 numen
1477 4617 1652 4673 69-82.
1691 4617 1810 4668 und
1847 4616 2166 4681 {lber-haupt
2202 4618 2308 4668 den
2345 4617 2869 4668 Prokumtorm-Bid
2901 4618 3131 4670 dacelbet
3172 4620 3267 4676 46.·
3303 4619 3446 4669 mu
3491 4618 3664 4684 Hm

1221 4704 1479 4754 Bresslau
1515 4704 1822 4755 Hcmdbueh
1857 4705 1951 4756 der
1993 4705 2432 4757 Urkundenlehre
2466 4707 2503 4756 Ι
2544 4708 2624 4757 74.
2664 4708 2908 4758 224-226.
