4000 5700
1072 503 1516 559 REGESTUM
1556 505 2115 560 VOLATERRAN
2124 508 2241 561 ΠΜ
2812 508 2888 561 43

426 705 564 762 115.
2224 702 2579 776 (Volterra),
2624 704 2786 765 1030
2814 710 2879 781 ¹).

545 799 1018 861 Gunfredus
1063 799 1236 859 Vult.
1281 819 1381 877 ep.
1428 818 1599 885 mon.
1643 819 1692 859 8.
1740 799 1907 860 Iusti
1947 806 2016 861 et
2044 800 2388 861 Clementis
2429 821 2629 880 prope
2658 803 2880 864 urbem

422 899 709 959 instituit
751 904 819 957 et
859 897 1081 958 donat.

753 994 910 1056 Volt.
956 995 1269 1055 AMwnic.
1317 994 1579 1070 (Radia)
1624 994 1795 1071 Oriq.
1880 993 2043 1054 Edd.
2090 996 2420 1057 Mittarelli
2463 996 2540 1054 II
2585 997 2759 1074 App.
2802 998 2885 1059 36

742 1113 805 1150 n.
849 1092 946 1152 15.
993 1090 1255 1154 Giachi¹
1303 1093 1423 1154 122
1472 1093 1596 1148 =²
1642 1093 1781 1154 425.

428 1289 559 1348 116.
2018 1285 2307 1359 Volterra,
2353 1288 2430 1347 11
2476 1287 2660 1348 Μᾶνκ
2702 1288 2882 1350 1032.

542 1384 871 1446 Conradus
913 1386 1065 1462 imp
1098 1404 1158 1444 a
1188 1384 1495 1464 quin[to],
1528 1383 1583 1444 V
1614 1384 1699 1444 id.
1748 1390 1959 1456 mart„
1992 1384 2123 1444 ind.
2157 1384 2299 1444 XV.
2385 1383 2882 1447 Gumfredus

421 1505 521 1563 ep.
568 1484 778 1545 Volot.
837 1483 945 1543 lib.
1002 1502 1175 1543 nom.
1233 1483 1319 1543 do
1375 1484 1634 1544 Petroni
1693 1482 1803 1561 qui
1863 1482 2186 1563 Boraingo
2229 1503 2365 1544 voc.
2412 1491 2478 1544 et
2519 1483 2728 1544 Atitio
2770 1486 2882 1562 qui

420 1581 769 1662 Paganello
825 1600 961 1642 voc.
1020 1600 1121 1660 gg.
1179 1580 1224 1641 f.
1272 1580 1334 1640 b.
1396 1601 1479 1640 m.
1540 1581 1790 1642 Hutolfi
1844 1580 2010 1641 mod.
2056 1580 2135 1640 de
2177 1587 2348 1640 sorte
2391 1588 2457 1641 et
2498 1581 2687 1641 rebus
2729 1581 2880 1650 duc,

420 1682 487 1741 in
531 1680 667 1740 loco
710 1679 995 1748 Partina,
1040 1698 1089 1738 r.
1135 1698 1248 1757 per
1292 1678 1675 1739 Dominicho
1731 1687 1796 1737 et
1848 1678 2310 1750 ProbenerelIO,
2349 1685 2415 1738 et
2458 1680 2524 1738 in
2568 1678 2881 1739 vocabulo

420 1778 768 1846 Ancaiano,
816 1797 865 1837 r.
909 1796 1021 1855 per
1051 1776 1263 1848 Petro,
1296 1776 1423 1836 alio
1464 1777 1675 1842 Petro,
1711 1776 2075 1844 BartucciO,
2106 1782 2179 1836 ut
2219 1776 2377 1837 mihi
2405 1776 2740 1837 Gumfredi
2781 1776 2881 1836 vel

420 1876 507 1936 ad
531 1874 942 1935 ministeriale
966 1881 1185 1935 nostro
1227 1895 1266 1934 a
1310 1882 1487 1933 curte
1532 1881 1598 1934 et
1641 1874 1900 1934 castello
1933 1881 2151 1934 nostro
2180 1874 2260 1934 de
2289 1873 2512 1935 Casule
2541 1876 2880 1935 annuatim

419 1973 588 2034 infra
631 1993 775 2052 aug.
824 1972 960 2032 XII
1003 1972 1148 2033 den.
1194 1971 1256 2032 b.
1304 1992 1446 2051 exp.
1492 1972 1794 2044 reddatis;
1840 1992 1984 2050 pen.
2031 1992 2160 2051 arg.
2212 1973 2325 2033 sol.
2369 1979 2651 2033 centum.
2734 1972 2882 2035 Act.

423 2071 867 2132 Voloterrense
889 2071 973 2131 ad
995 2072 1259 2131 domum
1292 2071 1631 2149 episcopio,
1719 2070 2084 2130 Gunfrnclus
2114 2091 2212 2149 ep.
2246 2091 2327 2131 88.
2360 2071 2422 2131 S.
2456 2091 2540 2130 m.
2574 2091 2672 2151 gg.
2705 2072 2765 2132 S.
2798 2092 2881 2131 m.

422 2169 793 2231 Ildebrandi
833 2171 944 2249 qui
987 2169 1366 2230 Morandulo
1410 2188 1546 2228 voc.
1591 2168 1635 2229 f.
1675 2169 1734 2229 b.
1769 2189 1851 2228 m.
1884 2168 2224 2229 Uualberti
2255 2176 2334 2229 tt.
2381 2168 2584 2229 Albiti
2628 2169 2670 2228 f.
2703 2170 2763 2230 b.
2797 2189 2879 2229 m.

421 2266 627 2328 Omici
671 2274 751 2327 tt.
805 2267 1114 2327 Bernardj
1157 2268 1268 2345 qui
1313 2266 1677 2327 Bentiolino
1721 2286 1857 2327 voc.
1909 2266 1952 2325 f.
2005 2266 2068 2326 b.
2123 2285 2206 2325 m.
2261 2265 2466 2326 Omici
2509 2272 2587 2326 tt.
2715 2265 2879 2326 Lan·

424 2364 609 2425 berto
635 2371 771 2426 not.

748 2463 904 2524 Volt.
936 2463 1174 2524 AVesc.
1201 2483 1249 2523 ε.
1282 2461 1389 2522 XI
1416 2462 1536 2523 dec.
1570 2463 1607 2522 4
1636 2483 1697 2522 n.
1730 2463 1765 2522 1
1796 2462 1968 2538 Oriq.

429 2661 557 2720 117.
1764 2659 1899 2720 San
1944 2659 2345 2736 GimiqnanO,
2390 2659 2469 2720 16
2512 2659 2659 2720 Mai
2700 2659 2880 2720 1034.

540 2756 910 2819 Cuneradus
953 2759 1106 2836 imp.
1150 2777 1209 2817 a.
1258 2757 1384 2817 VII
1410 2762 1478 2831 ἵ),
1524 2756 1720 2817 XVII
1751 2756 1876 2817 kal.
1909 2758 2065 2828 iun.,
2097 2755 2230 2816 ind.
2266 2756 2356 2816 II.
2443 2756 2883 2817 Commutatio

420 2858 585 2917 inter
627 2855 1154 2916 Gumfredum
1196 2876 1295 2935 ep.
1324 2857 1533 2917 Volot.
1564 2862 1630 2915 et
1685 2855 2132 2916 Gorardum
2175 2856 2220 2916 f.
2255 2855 2313 2916 b.
2346 2876 2430 2915 m.
2462 2855 2742 2916 Eriberti
2770 2857 2880 2934 qui

424 2956 628 3016 Eritio
668 2974 804 3015 voc.
851 2953 1238 3015 Gumfredus
1282 2953 1553 3015 tradidit
1593 2954 1877 3016 Gerardo
1919 2955 2163 3034 petiam
2206 2954 2286 3014 de
2328 2962 2500 3014 terra
2540 2956 2607 3014 in
2649 2952 2880 3027 Brade,

423 3071 544 3131 que
588 3057 767 3112 tenet
796 3053 859 3111 in
889 3058 1097 3113 strata
1127 3051 1377 3113 Romea
1402 3054 1473 3129 ⁸),
1503 3052 1906 3131 aliquantulo
1934 3054 1999 3112 in
2028 3058 2199 3112 terra
2227 3052 2426 3112 Leoni
2468 3051 2679 3125 iudex,
2711 3057 2883 3111 terra

421 3170 470 3211 S.
494 3150 711 3210 Marie.
798 3149 1068 3228 Recepit
1108 3148 1496 3210 Gumfredus
1540 3149 1701 3210 med.
1746 3149 1827 3209 de
1871 3156 2061 3220 terra,
2100 3148 2339 3208 scilicet
2368 3148 2549 3227 ageli,
2580 3150 2645 3208 in
2673 3148 2881 3208 Armi-

421 3247 644 3325 gnule3
688 3247 917 3307 missus
957 3247 1239 3307 directus
1280 3247 1360 3307 de
1404 3253 1587 3325 parte
1629 3248 1908 3326 episcopi
1966 3247 2319 3307 Uuibertus
2374 3246 2420 3306 f.
2474 3245 2530 3306 b.
2592 3266 2676 3306 m.
2723 3245 2879 3318 Atii,

420 3347 889 3406 existimatores
933 3345 1105 3406 Ordo
1147 3346 1193 3406 f.
1227 3346 1289 3407 b.
1324 3366 1406 3405 m.
1456 3345 1715 3406 Rodulfi
1758 3353 1819 3405 et
1867 3345 2143 3406 Faroldo
2184 3345 2228 3405 f.
2273 3344 2333 3405 b.
2379 3364 2462 3404 m.
2510 3345 2769 3405 Rodulfi
2813 3352 2881 3404 et

421 3444 688 3504 Alberto
728 3443 774 3504 f.
819 3443 881 3504 b.
927 3464 1009 3504 m.
1058 3444 1399 3517 Lanberti3
1445 3464 1586 3523 pen.
1634 3444 1830 3524 dupli.
1915 3444 2058 3503 Act.
2102 3445 2171 3504 in
2211 3443 2348 3503 loco
2390 3445 2566 3504 intus
2614 3442 2876 3504 castello

421 3541 642 3602 Sancti
664 3541 1069 3603 Iemminiani
1099 3543 1299 3602 territ.
1331 3542 1542 3603 Volot.
1629 3541 1993 3602 Gunfredus
2023 3561 2121 3620 ep.
2152 3561 2231 3600 88.
2265 3540 2658 3602 Uualbertus
2687 3540 2880 3601 iudex

420 3641 546 3718 inp.
591 3658 669 3699 88.
714 3638 778 3700 S.
824 3658 904 3699 m.
951 3639 1250 3700 Uuiberti
1307 3641 1498 3700 missi.
1559 3638 1735 3712 Ordi,
1795 3639 2050 3711 Farolfi,
2110 3638 2358 3699 Alberti
2413 3640 2879 3699 estimatorum.

419 3737 615 3797 Uuidi
657 3737 703 3798 f.
752 3736 808 3797 b.
856 3756 940 3798 m.
972 3738 1127 3798 item
1158 3737 1352 3797 Uuidi
1386 3744 1464 3797 tt.
1498 3736 1867 3797 Ildebrandi
1897 3737 1943 3797 f.
1976 3737 2039 3798 b.
2073 3757 2153 3796 m.
2198 3738 2355 3797 item
2399 3736 2767 3797 Ildebrandi
2797 3742 2879 3795 tt.

422 3836 747 3897 Uuillelmi
788 3835 831 3896 f.
877 3836 938 3896 b.
985 3856 1066 3895 m.
1114 3835 1481 3896 Ildebrandi
1528 3841 1608 3896 tt.
1697 3835 2016 3896 Bollando
2060 3842 2194 3895 not.
2240 3834 2605 3896 Gunfredus
2653 3855 2753 3914 ep.
2798 3854 2879 3893 88.

748 3932 903 3993 Volt.
939 3932 1182 3994 AVeec,
1212 3951 1260 3992 8.
1292 3931 1399 3992 XI
1430 3933 1555 3993 dec.
1589 3934 1626 3993 4
1656 3953 1716 3992 η.
1746 3933 1787 3993 3
1816 3932 1989 4009 Oriq.

568 4188 605 4252 ι)
635 4188 749 4237 Mic
785 4189 1139 4254 episcopatus
1176 4189 1324 4240 illius
1362 4207 1411 4239 a.
1452 4191 1672 4249 XVIII,
1706 4207 1813 4241 was
1839 4192 1985 4242 nicht
2012 4207 2186 4253 qenau
2211 4191 2329 4240 sein
2353 4189 2519 4245 kann,
2545 4191 2616 4239 da
2641 4188 2884 4251 Gunsred

418 4278 719 4339 srilheotcno
749 4282 887 4329 1015
912 4278 1135 4340 Biochos
1160 4281 1335 4330 wurdc
1372 4281 1489 4330 und
1521 4281 1662 4331 nach
1684 4282 1857 4331 seimr
1883 4280 2208 4342 orob-schrift
2238 4279 2340 4343 (bei
2368 4278 2885 4341 Tamiani-Totum*

428 4368 628 4430 Viaqqi
661 4369 725 4416 in
764 4367 1013 4420 roccam
1032 4370 1050 4397 ⁹·
1071 4371 1176 4419 III
1209 4372 1271 4421 73
1290 4370 1406 4421 und
1434 4370 1758 4433 Coeppcllati
1782 4371 1972 4421 Chiae
1990 4370 2218 4421 d'Italia
2237 4371 2291 4418 X
2305 4369 2455 4419 VIII
2477 4372 2603 4434 2:23)
2627 4371 2693 4420 23
2713 4369 2883 4419 Jahn

418 4458 508 4505 der
542 4457 762 4507 Didme
810 4459 1081 4511 vor-stand:
1132 4459 1223 4509 der
1259 4459 1545 4510 Indiktion
1590 4460 1707 4510 VII
1746 4459 1886 4509 nach
1932 4460 2074 4509 σιω-ὸ
2124 4476 2177 4509 er
2225 4475 2315 4510 am
2366 4462 2433 4509 :26
2472 4459 2686 4521 August
2725 4461 2880 4509 1039.

418 4546 463 4608 ε3)
499 4545 716 4607 Riomiq
751 4551 888 4596 ωᾶνο
927 4546 1084 4596 VIII.
1270 4546 1314 4614 ⁸)
1355 4547 1627 4598 Identiech
1661 4550 1761 4598 mit
1798 4554 1982 4598 strata
2033 4549 2328 4599 Francisca
2363 4548 2486 4598 oder
2522 4549 2882 4611 Francigena,

420 4633 545 4681 iiber
577 4633 736 4683 deren
773 4634 1068 4685 Geschicme
1102 4635 1223 4696 jem
1259 4635 1353 4685 der
1389 4635 1621 4694 Auscatz
1660 4651 1763 4685 von
1799 4635 1993 4687 Julius
2043 4636 2200 4698 Junq
2250 4638 2315 4686 in
2365 4636 2751 4697 Mateicunqen
2787 4636 2877 4685 des

422 4726 599 4771 ὅσων-ν.
641 4722 891 4773 Instituta
928 4722 1098 4775 XXV
1141 4727 1167 4774 1
1206 4725 1265 4787 ff.
1302 4740 1372 4774 zu
1406 4724 1731 4786 verqleichen
1766 4727 1849 4777 iet.
