4000 5700
1123 495 1231 546 280
1776 486 2219 543 REGESTUM
2258 483 3001 583 VOLATERRANUM-

1127 688 1340 749 munis
1383 685 1606 747 retulit
1645 704 1714 746 se
1754 683 2008 744 dedisse
2050 681 2344 742 litteras
2328 701 2394 742 in
2422 682 2690 742 civitate
2721 680 2895 742 Vult.
2925 682 3243 760 potestati
3282 680 3385 741 die
3430 681 3590 739 iovis

1127 787 1198 849 11
1240 793 1401 865 sept.
1489 781 1889 846 Guillielmus
1933 779 2239 841 Bernaldi
2278 785 2411 841 not.

1450 882 1718 943 Florem
1759 878 1912 941 Ast.
1962 878 2155 955 (Volt.
2186 877 2349 939 1277
2387 877 2519 940 VII
2561 878 2621 950 5,
2656 897 2718 938 π.
2750 877 2937 955 1024)
2982 876 3398 954 qleichzeiliqe
3434 875 3589 954 Oop.

1453 979 1592 1058 (aut
1647 976 1800 1039 oben
1853 997 1919 1039 n.
1978 976 2099 1038 842
2158 976 2502 1053 soloend,‘
2526 996 2606 1038 ex
2664 977 2931 1054 registro
2971 976 3261 1035 comunis
3316 973 3484 1035 Flor.
3529 994 3590 1035 a.

1448 1074 1961 1144 MOOLXXVII,
2007 1073 2139 1134 ind.
2185 1073 2241 1133 V
2267 1075 2333 1149 ³).

1129 1215 1266 1273 845.
2773 1206 2953 1275 Pisa,
2995 1205 3078 1267 28
3120 1206 3370 1282 Anquat
3416 1206 3592 1266 1277.

1249 1309 1647 1370 Tarlatus
1691 1307 1769 1367 de
1799 1306 2011 1366 Aritio
2053 1304 2204 1364 Pis,
2250 1309 2648 1383 potestas,
2696 1302 3056 1364 Rainaldus
3093 1302 3175 1365 de
3217 1303 3388 1364 Riva
3422 1305 3593 1381 capi·

1129 1416 1364 1470 taneus
1404 1412 1472 1468 et
1512 1404 1763 1467 antiani
1803 1404 1925 1464 Pis.
1971 1402 2197 1483 populi
2221 1402 2608 1474 consulibua,
2640 1402 2919 1473 sindicis,
2950 1401 3215 1464 consilio
3240 1407 3308 1463 et
3334 1403 3596 1463 comuni

1132 1508 1212 1568 de
1253 1505 1475 1585 Aquis.
1560 1500 1957 1574 Inhibemus,
2004 1520 2086 1562 ne
2129 1502 2193 1561 in
2250 1499 2481 1562 balneo
2524 1501 2604 1561 de
2644 1500 2848 1579 Aquis
2901 1501 3167 1578 eiusque
3221 1500 3595 1579 aqueductu

1133 1606 1198 1664 in
1240 1600 1667 1683 preiudicium
1710 1599 1834 1659 Pis.
1882 1598 2176 1660 comunis
2216 1603 2283 1658 et
2327 1596 2591 1661 abbatie
2628 1596 2713 1657 de
2765 1596 3063 1658 Morrona
3117 1597 3444 1657 novitates
3498 1594 3595 1656 fa-

1131 1702 1341 1773 ciatis,
1385 1697 1921 1775 mandamusque‚
1962 1700 2041 1756 ut
2081 1696 2410 1756 novitates
2452 1694 2659 1755 factas
2684 1695 2754 1755 in
2780 1693 3031 1769 balneo,
3060 1712 3250 1774 super
3284 1712 3416 1771 quo
3440 1700 3599 1754 sunt

1135 1795 1504 1861 molendina
1545 1795 1829 1867 abbatie,
1876 1794 2119 1855 destrui
2163 1788 2435 1854 faciatis.
2522 1792 3068 1861 MCCLXXVIII,
3101 1794 3229 1854 ind.
3259 1792 3337 1865 V,
3369 1792 3426 1853 V
3466 1792 3594 1852 kal.

1134 1894 1533 1977 septembris.

1466 1992 1620 2055 Vou.
1666 1990 1906 2052 AVeac.
1951 2011 2001 2051 8.
2046 1989 2237 2051 XIII
2276 1990 2401 2051 dec.
2446 1989 2486 2051 8
2525 2011 2589 2051 n.
2636 1989 2712 2051 71
2756 1989 3163 2068 ρῑείώκείίίρε
3203 1988 3358 2068 Gop.
3419 1990 3599 2066 (Rai-

1458 2091 1670 2152 nerius
1712 2088 1966 2149 Andree
2010 2089 2285 2151 Testarii
2328 2087 2519 2148 iudex
2564 2087 2698 2148 ord.
2740 2095 2810 2149 et
2848 2093 2982 2149 not.
3027 2104 3107 2147 ex
3149 2088 3313 2147 actis
3354 2086 3599 2147 cancel-

1455 2189 1609 2248 larie
1657 2188 1778 2249 Pis.
1824 2186 2133 2257 comunis,
2176 2187 2289 2246 wie
2329 2186 2430 2246 die
2470 2185 2791 2262 folqenden
2834 2184 3185 2247 Nummern
3225 2184 3322 2247 bis
3361 2185 3529 2263 850).

1139 2388 1277 2446 846.
2726 2380 2903 2449 Pisa,
2951 2382 2987 2439 7
3026 2379 3376 2458 September
3416 2380 3596 2441 1277.

1258 2482 1651 2542 Tarlatus
1695 2479 1775 2540 de
1819 2479 2029 2540 Aritio
2072 2478 2222 2539 Pis.
2267 2484 2674 2557 potestas,
2720 2477 3079 2539 Rainaldus
3106 2478 3188 2539 de
3215 2478 3387 2539 Riva
3428 2480 3599 2557 capi-

1137 2587 1393 2651 taneus,
1439 2578 1684 2639 antiani
1727 2576 1852 2637 Pis.
1896 2577 2121 2656 populi
2160 2574 2529 2637 consulibus
2571 2581 2640 2636 et
2681 2578 2935 2637 comuni
2991 2575 3073 2636 dc·
3112 2576 3333 2654 Aquis.
3430 2574 3599 2648 Quia

1140 2684 1362 2739 nostro
1429 2674 1742 2737 mandato
1810 2672 2072 2735 obedire
2137 2674 2530 2754 neglexistis,
2598 2675 2834 2736 iterato
2902 2675 3128 2736 eadem
3197 2674 3597 2735 mandamus.

1140 2773 1687 2843 MOCLXXVIIL
1731 2771 1859 2833 ind.
1904 2772 1983 2844 V,
2028 2771 2158 2833 VII
2199 2772 2283 2832 id.
2328 2777 2488 2851 sept.

1471 2871 1691 2933 Wien
1694 2870 1876 2932 ,845
1916 2871 2051 2931 und
2091 2870 2212 2932 847
2238 2870 2331 2932 bis
2373 2870 2509 2932 850.

1144 3009 1284 3069 847
2694 3005 2867 3074 Pisa,
2911 3006 2993 3066 15
3032 3006 3112 3067 Se
3086 3006 3377 3084 ptember
3418 3007 3601 3068 1277.

1263 3103 1566 3164 Albertus
1607 3103 1632 3182 [
1639 3148 1794 3163 ,,,,,
1803 3103 1826 3182 ]
1868 3123 1916 3162 s.
1963 3102 2165 3163 Marie
2194 3102 2472 3172 maiorm,
2508 3103 2977 3183 Benvenutus[
2982 3151 3131 3163 .....
3137 3104 3163 3183 ]
3189 3103 3603 3182 cappellanus

1137 3223 1189 3262 s.
1234 3199 1568 3262 Laurentii
1609 3199 1787 3262 missi
1841 3219 1956 3279 pro
2013 3200 2341 3260 comuni
2398 3199 2548 3260 Pis.
2606 3201 3002 3273 nuntiamus,
3060 3220 3186 3280 que
3241 3201 3603 3263 invenimus

1146 3301 1239 3374 (in
1265 3299 1494 3379 Aquis)
1519 3299 1852 3378 potestati,
1877 3297 2098 3377 Ooppo
2118 3303 2186 3358 et
2207 3297 2456 3359 Staccie
2478 3299 2613 3359 eius
2639 3295 2975 3360 iudicibus.
3058 3297 3602 3371 MOCLXXVIII,

1145 3398 1272 3459 ind.
1318 3396 1394 3468 V,
1443 3396 1639 3457 XVII
1682 3395 1806 3456 kal.
1852 3401 1976 3457 oct.

1471 3491 1602 3552 Wie
1645 3512 1709 3553 n.
1757 3491 1895 3553 845.
1942 3493 2081 3554 846,
2129 3492 2249 3554 848
2277 3493 2370 3554 bis
2412 3493 2549 3555 850.

1149 3622 1289 3679 848.
2645 3621 2869 3691 Lacca,
2911 3622 2993 3683 25
3033 3623 3382 3700 September
3421 3624 3606 3685 1277.

1266 3716 1639 3795 Leopardus
1681 3721 1814 3777 not.
1860 3717 2145 3778 sindicus
2186 3720 2556 3779 comunis
2611 3719 2893 3781 Pisani
2936 3721 3002 3781 in
3036 3722 3366 3798 presentia
3404 3720 3609 3800 Paga·

1147 3815 1294 3876 nelli
1337 3812 1490 3874 Luc.
1537 3833 1657 3891 ep.‚
1702 3812 1818 3891 qui
1856 3821 2232 3894 preceperat
2272 3818 2587 3895 potestati
2629 3815 2778 3888 Pis„
2820 3824 2899 3878 ut
2936 3837 3005 3880 se
3039 3838 3169 3879 non
3197 3820 3515 3898 ingereret
3544 3821 3613 3880 in

1148 3911 1551 3990 questionem
1596 3917 1954 3973 vertentem
1999 3913 2168 3973 inter
2208 3912 2559 3991 plebanum
2598 3915 2803 3994 plebis
2843 3915 2927 3977 de
2967 3916 3172 3995 Aquis
3197 3923 3266 3978 et
3298 3916 3611 3978 abbatem

1143 4009 1230 4070 de
1270 4008 1570 4069 Morrona
1610 4011 1944 4070 occasione
1985 4011 2352 4088 aqueducti,
2395 4012 2556 4074 dicit
2589 4019 2965 4093 preceptum
2994 4012 3244 4075 nullum
3270 4034 3431 4086 esse,
3460 4034 3613 4077 cum

1150 4130 1246 4189 ep.
1289 4127 1421 4170 non
1461 4109 1703 4169 habeat
1744 4110 2249 4172 iurisdictionem
2294 4113 2361 4173 in
2401 4132 2672 4174 comune
2712 4113 2861 4186 Pis.;
2905 4116 3005 4175 sin
3033 4120 3255 4176 autem
3299 4117 3363 4176 in
3391 4116 3617 4195 aliquo

1149 4211 1399 4268 teneret
1440 4205 1522 4266 de
1562 4208 1716 4279 iure,
1762 4207 2049 4287 appellat
2093 4210 2175 4269 ad
2219 4209 2598 4288 apffsedem.
2680 4213 2824 4273 Act.
2868 4211 3041 4273 Luce
3095 4215 3164 4274 in
3221 4214 3467 4292 palatio
3505 4234 3611 4295 ep.

1147 4304 1357 4385 Lippo
1399 4303 1506 4383 qd.
1552 4303 1920 4367 Rustichini
1960 4306 2041 4367 dc
2083 4306 2414 4368 Vulterris.
2461 4307 2675 4370 Presb.
2722 4310 3010 4371 Bellomo
3038 4310 3339 4373 familiari
3380 4317 3449 4373 et
3490 4313 3613 4375 ole-

1149 4403 1282 4465 rico
1322 4420 1419 4481 ep.
1466 4406 1543 4462 tt.
1630 4402 2180 4473 MCCLXXVIII,
2226 4405 2352 4466 ind.
2399 4406 2509 4476 VI,
2554 4406 2682 4467 VII
2713 4407 2836 4467 kal.
2869 4414 2991 4468 oct.
3079 4408 3356 4470 Iacobus
3384 4411 3428 4472 f.
3460 4410 3613 4472 Pro·

1148 4499 1327 4560 licati
1368 4505 1501 4560 not.
1546 4505 1613 4559 et
1655 4501 1847 4560 iudex
1893 4503 2025 4562 ord.

1482 4594 1641 4656 Volt.
1691 4596 1929 4658 AVesc.
1961 4619 2014 4659 a.
2047 4598 2236 4660 XIII
2276 4600 2396 4661 dec.
2430 4601 2466 4661 8
2495 4620 2558 4660 n.
2609 4602 2682 4661 71
2710 4601 2883 4678 Oriq.
2917 4602 3090 4680 (lolyt
3129 4604 3244 4680 aus
3282 4604 3381 4666 die
3412 4606 3614 4683 Copp.

1477 4713 1590 4752 ron
1637 4715 1698 4753 n.
1745 4696 1882 4754 845.
1933 4697 2071 4755 846.
2119 4699 2284 4772 847),
