4000 5700
1093 550 1203 603 222
1740 541 2182 597 REGESTUM
2221 540 2380 593 VOI
2389 540 2599 592 ΑΤΕΗ
2615 540 2664 590 R
2672 538 2844 592 ANU
2853 538 2906 590 ‘vi

1336 637 1599 645 ——n-—n
1608 637 1685 643 —-
1748 638 1817 643 --
1830 636 1957 642 ——--
1960 636 2086 641 ...ο-...η
2061 635 2300 641 ..Π-Ἦ..-
2545 633 2586 639 .-
2629 634 2700 639 ,4-
2725 632 2828 638 ¹—-

1093 744 1403 802 moveret.
1489 737 1635 797 Act.
1680 736 1856 814 apud
1900 735 2326 814 Berignonem
2368 735 2436 794 in
2465 752 2718 793 camera
2748 731 2982 792 electi
2966 751 3033 791 ln
3062 749 3316 791 cassaro
3343 730 3560 790 castri.

1092 836 1333 898 Iacobo
1374 833 1763 913 archipresb.
1810 832 1987 893 Vult.
2035 831 2295 892 Herveo
2335 850 2475 892 can.
2523 830 2884 891 venetensi.
2931 828 3222 889 Iohanne
3248 827 3330 888 de
3358 828 3561 887 Aure·

1093 934 1285 995 lianc.
1330 932 1620 994 Iohanne
1661 929 1938 1010 plebano
1979 929 2507 1009 Ripamarrancie
2550 934 2629 988 tt.
2717 926 3210 987 Ildebrandinus
3248 931 3382 987 not.

1414 1030 1675 1091 Florem
1718 1027 1869 1089 Ast.
1919 1028 2107 1106 (Vola.
2151 1049 2216 1088 π.
2261 1027 2406 1103 693)
2449 1027 2623 1102 Θήρ.

1097 1231 1235 1294 675.
2745 1228 2921 1296 Rom.
2967 1229 3047 1290 12
3085 1228 3341 1289 Januar
3381 1227 3564 1288 1257.

1216 1327 1687 1391 Alexander
1729 1330 1836 1390 IV
1880 1327 2194 1388 universis
2235 1326 2471 1387 Christi
2514 1325 2832 1386 fidelibus.
2919 1325 3210 1395 Mandat,
3254 1327 3567 1403 quatinus

1097 1427 1185 1489 ad
1213 1428 1675 1488 monasterium
1705 1425 1987 1486 abatissa
2018 1431 2082 1484 et
2112 1430 2471 1485 conventus
2498 1443 2856 1503 pauperum
2878 1423 3265 1484 inclusarum
3289 1442 3337 1483 s.
3363 1421 3568 1483 Mat-ie

1098 1526 1180 1587 de
1218 1524 1397 1586 Vult.
1442 1523 1578 1585 ord.
1622 1543 1669 1585 s.
1717 1523 2022 1585 Damiani
2064 1521 2397 1591 accedant,
2439 1528 2517 1582 ut
2558 1522 2626 1582 in
2680 1521 2824 1582 fest.
2870 1541 2920 1581 s.
2973 1523 3172 1582 Mat-ie
3217 1526 3289 1581 et
3328 1527 3568 1583 octava

1098 1630 1167 1684 et
1206 1640 1257 1682 s.
1302 1621 1484 1683 Clare
1524 1626 1890 1693 et-octava,
1935 1620 2001 1679 in
2047 1620 2266 1697 primis
2308 1618 2448 1689 XL,
2492 1619 2560 1679 in
2589 1617 2886 1679 secundis
2913 1617 2963 1679 C
2989 1618 3125 1678 dies
3155 1617 3232 1678 de
3274 1617 3566 1678 iniuncta

1096 1719 1457 1798 penitentia
1498 1717 1885 1779 relaxentur.
1985 1740 2013 1776 ι
2034 1716 2346 1794 Splendor
2387 1722 2654 1794 paterne
2674 1735 2718 1775 ὴ.
2819 1715 2971 1775 Dat.
3016 1715 3322 1777 Laterani
3360 1715 3430 1776 II
3473 1714 3566 1775 id.

1098 1816 1251 1889 ian„
1296 1822 1477 1893 pont.
1524 1814 1651 1875 III.

1434 1911 1589 1974 Volt.
1634 1912 1947 1973 AMum'c.
1994 1910 2201 1987 (Prov.
2244 1911 2368 1972 div.
2412 1930 2570 1972 cass.
2621 1910 2770 1989 III)
2813 1910 2984 1987 Oriq.
3029 1909 3236 1989 (Bulla
3283 1931 3370 1972 an
3410 1917 3570 1971 roter

1392 2009 1553 2071 ‘und
1596 2009 1796 2087 qelber
1834 2008 2338 2087 Seidenschnur).

1103 2196 1244 2260 676.
2640 2197 2925 2271 Florem,
2967 2197 3052 2258 30
3087 2196 3346 2259 «Ianuar
3385 2197 3567 2259 1257.

1224 2294 1598 2369 MCCLvn,
1644 2294 1714 2354 II
1756 2297 1881 2356 ian.
1925 2315 2053 2367 ex„
2096 2296 2225 2355 ind.
2273 2295 2415 2355 XV.
2499 2295 2806 2373 Magister
2831 2294 3128 2357 Ubaldus
3154 2315 3326 2374 pape
3362 2295 3569 2374 capel-

1106 2396 1291 2456 lanus
1318 2400 1385 2454 et
1414 2392 1606 2454 iudex
1647 2393 2015 2472 delegatus·
2025 2392 2163 2470 )ad
2187 2395 2570 2471 petitionem
2615 2393 2923 2453 Iohannis
2965 2392 3220 2472 plebani
3248 2394 3330 2455 de
3372 2394 3566 2470 Ripa

1106 2494 1451 2563 marancia,
1484 2492 1712 2552 sindici
1742 2491 2118 2551 Raineri
2102 2511 2122 2551 1
2161 2490 2339 2552 Vult..
2370 2491 2577 2563 electi,
2609 2491 2893 2568 absolvit·
2913 2511 3186 2552 comune
3205 2491 3429 2553 Sancti
3448 2491 3571 2552 Ge·

1107 2591 1373 2650 miniani
1417 2589 1501 2649 ab
1542 2591 1856 2651 instantia
1899 2588 2118 2650 iudicii
2160 2607 2366 2659 cause,
2398 2608 2524 2668 que
2560 2576 2939 2650 vertebatur
2979 2590 3149 2649 inter
3186 2588 3458 2649 electum
3501 2594 3570 2649 et

1108 2706 1380 2749 comune
1421 2705 1637 2747 coram
1680 2705 1775 2746 cc.
1861 2687 2005 2747 Act.
2035 2686 2361 2747 Florentio
2389 2688 2453 2746 in
2481 2686 2678 2747 domo
2707 2686 2886 2747 Belli.
2969 2684 3231 2747 Ubaldo
3256 2686 3339 2746 de
3363 2686 3569 2746 Turri.

1109 2785 1553 2845 Bonincuntro
1573 2785 1683 2864 qd.
1716 2785 2040 2845 Francisci
2069 2784 2149 2844 de
2179 2784 2418 2845 Sancto
2447 2783 2846 2844 Geminiano.
2880 2782 3117 2843 Iacobo
3151 2784 3255 2864 qd.
3289 2783 3572 2843 Fridiani

1111 2890 1191 2944 tt.
1274 2882 1703 2943 Thomasinus
1742 2882 1823 2941 de
1864 2881 2173 2958 Magistra
2215 2882 2369 2959 imp.
2415 2887 2586 2941 auct.
2631 2887 2768 2941 not.

1430 2979 1694 3040 onrenz
1738 2979 1890 3039 Ast.
1940 2981 2103 3053 (San
2146 2979 2551 3056 Gimiqnano)
2597 2979 2767 3057 Oriq.

1113 3186 1252 3247 677
1928 3183 2213 3256 Florenz,
2258 3185 2339 3244 30
2383 3185 2513 3244 und
2553 3186 2631 3245 31
2674 3184 2951 3245 Januar.
2994 3185 3032 3245 1
3077 3183 3354 3246 februar
3393 3184 3571 3246 1257.

1232 3285 1394 3346 Cum
1438 3285 1743 3362 magister
1783 3281 2159 3344 Ubaldus
2201 3300 2368 3360 pape
2409 3282 2843 3361 cappellanus,
2887 3282 3079 3343 iudex
3135 3283 3467 3362 delegatus
3507 3289 3574 3343 et

1113 3381 1474 3459 inquisitor,
1519 3381 1896 3439 citassemus
1937 3397 2212 3439 comune
2255 3379 2473 3439 Sancti
2518 3377 2823 3451 Miniatis,
2868 3380 3230 3458 comparuit
3273 3385 3425 3439 ante
3460 3396 3576 3438 nos

1113 3478 1297 3539 Senis
1338 3477 1811 3537 Riccomannus
1852 3476 2046 3536 iudex
2087 3478 2223 3536 eius
2266 3475 2548 3536 sindicus
2587 3483 2652 3537 et
2697 3475 3050 3555 appellavit
3091 3477 3175 3537 ad
3204 3496 3307 3555 ap.
3337 3475 3573 3536 sedem.

1115 3574 1408 3636 Ubaldus
1431 3575 1487 3633 ei
1510 3574 1923 3644 iniunximuS,
1950 3581 2023 3632 ut
2048 3571 2270 3633 eadem
2296 3573 2400 3633 die
2422 3573 2607 3635 nobis
2632 3576 2883 3651 copiam
2906 3572 3100 3635 libelli
3125 3572 3578 3652 appellationis

1114 3673 1355 3735 faceret
1386 3673 1486 3733 vel
1528 3690 1745 3731 coram
1775 3661 1958 3733 nobis
1986 3671 2164 3750 apud
2193 3671 2586 3732 Florentiam
2616 3678 3037 3750 compareret.
3068 3673 3231 3734 Cum
3275 3677 3576 3733 neutrum

1114 3772 1289 3845 fecit,
1319 3771 1657 3842 sindicum,
1690 3775 2084 3850 potestatem
2114 3775 2178 3830 et
2212 3769 2545 3831 consilium
2578 3769 2798 3830 Sancti
2830 3771 3114 3831 Miniatis
3141 3772 3210 3830 in
3245 3775 3575 3831 contuma-

1116 3874 1284 3932 ciam
1313 3870 1964 3930 excommunicamuS.
2052 3867 2220 3928 Lata
2263 3867 2582 3929 Florentie
2612 3871 2676 3928 in
2706 3869 2900 3929 domo
2941 3867 3122 3930 Belli.
3207 3867 3436 3930 Coram
3478 3867 3579 3929 Io-

1119 3970 1333 4030 hanne
1361 3968 1444 4029 de
1474 3967 1948 4047 Ripamaranza
1976 3968 2222 4027 sindico
2251 3966 2427 4028 Vult.
2458 3968 2661 4029 electi.
2709 3969 3078 4028 Bonacurso
3118 3969 3326 4047 priore
3368 3987 3419 4029 s.
3463 3965 3576 4027 Mi-

1119 4066 1358 4128 chaelis
1388 4065 1687 4126 Berteldi.
1719 4064 1935 4124 Presb.
1972 4065 2241 4125 Baldesc
2272 4065 2650 4143 cappellano
2676 4085 2722 4125 s.
2760 4065 2958 4125 Marie
3000 4085 3194 4144 supra
3225 4065 3466 4127 Arnum
3498 4069 3578 4126 tt.

1120 4161 1493 4234 MCCLVII,
1517 4161 1748 4223 ultimo
1778 4164 1926 4233 ian„
1960 4163 2088 4221 ind.
2123 4162 2263 4221 XV.
2349 4162 2779 4222 Thomasinus
2805 4161 2888 4222 de
2917 4163 3227 4241 Magistra
3254 4160 3579 4223 notifeb.

1120 4261 1416 4323 Ubaldus
1464 4262 1807 4339 inquisitor
1857 4263 1919 4320 in
1975 4262 2186 4321 causis
2243 4261 2410 4320 inter
2467 4261 2565 4337 R(
2585 4261 3016 4336 ainerium)
3074 4259 3249 4321 Vult.
3307 4259 3584 4322 electum

1122 4380 1203 4421 ex
1233 4379 1359 4421 una
1390 4365 1575 4436 parte
1616 4365 1684 4419 et
1724 4362 2154 4419 comunitates
2191 4359 2553 4430 Seneusem‚
2586 4358 2908 4430 Pisanum),
2940 4360 3400 4432 Florentium,
3430 4358 3583 4420 Vn}-

1123 4465 1448 4520 terranam
1489 4462 1557 4518 et
1599 4463 1814 4517 castra
1855 4457 2072 4516 Sancti
2107 4457 2490 4530 Geminiani,
2531 4457 2750 4518 Sancti
2795 4457 3099 4528 Miniatis,
3131 4457 3339 4530 Collis,
3372 4456 3586 4518 Pedii·

1125 4556 1337 4617 bonizi
1364 4562 1429 4615 et
1461 4555 1775 4634 quasdam
1805 4575 2109 4634 personas
2137 4575 2216 4615 ex
2246 4557 2448 4615 altera
2476 4556 2798 4616 commisit
2833 4575 3058 4618 causas
3101 4558 3270 4617 inter
3307 4554 3585 4617 electum

1274 4754 1313 4815 ¹)
1353 4753 1509 4801 Siehe
1548 4753 1678 4801 oben
1715 4769 1769 4803 n.
1813 4755 1913 4803 668
1956 4755 2068 4802 und
2107 4772 2126 4800 (ι
2153 4755 2363 4802 Bistum
2402 4755 2514 4802 und
2555 4755 3016 4816 Geldu.·irtschast»
3053 4757 3122 4805 ΙΙ
3162 4758 3280 4807 301.
