4000 5700
1040 554 1483 610 REGESTUM
1520 532 2208 609 voLAT'ERRANUM
2783 552 2853 604 25

398 754 617 816 bertus
651 754 843 816 iudex
871 755 1002 831 inp.
1034 772 1116 814 ss.
1148 750 1210 812 S.
1242 772 1328 813 m.
1366 751 1656 812 Tetberti
1678 772 1741 830 q.
1771 750 2005 812 Teutio
2033 770 2172 810 voc.
2203 748 2247 810 f.
2281 748 2343 808 b.
2370 769 2454 808 m.
2479 748 2855 809 Fulcheroni

384 853 476 910 tt.
520 848 846 910 Uuinelmi
886 846 933 907 f.
979 847 1042 908 b.
1087 865 1173 906 m.
1219 846 1373 905 item
1416 844 1740 906 Uuillelmi
1784 850 1863 904 tt.
1911 843 2144 927 Alboin
2188 849 2268 903 tt.
2311 862 2394 903 ss,
2493 841 2857 903 Gherardus

392 947 706 1024 not.·inp.

722 1041 881 1105 Volt.
927 1039 1148 1119 AOap.
1194 1060 1257 1101 n.
1304 1041 1344 1101 6
1386 1039 1558 1117 Oriq.

382 1234 493 1296 70.
1961 1231 2258 1303 Voltemz,
2302 1231 2386 1292 15
2425 1231 2675 1309 Amyn-st
2714 1230 2851 1293 986.

514 1333 1064 1411 Nongnentesimo
1105 1333 1538 1411 octuagesimo
1580 1337 1782 1401 sextu,
1829 1329 2063 1391 XVIII
2091 1329 2217 1391 kal.
2248 1336 2434 1408 sept„
2461 1329 2591 1390 ind.
2623 1329 2850 1389 XIIII.

397 1430 780 1490 Anselmo
834 1428 1176 1490 archidiac.
1221 1436 1288 1489 et
1350 1429 1711 1506 prepositus
1772 1448 1820 1488 s.
1882 1425 2233 1488 Obtabiani
2289 1429 2462 1487 iusta
2515 1426 2747 1487 domus
2801 1447 2852 1487 s.

396 1528 595 1588 Maris
636 1526 849 1588 Volot.
881 1546 993 1606 per
1035 1546 1413 1587 eonsensum
1458 1527 1864 1587 sacerdotum
1907 1545 2050 1586 can.
2092 1525 2369 1586 fratum¹
2382 1530 2714 1603 >meorum
2742 1544 2855 1586 seu

395 1624 589 1685 levite
631 1632 699 1686 et
737 1625 978 1686 eiratiei
1014 1624 1122 1685 lib.
1154 1644 1325 1685 nom.
1370 1623 1454 1684 do
1496 1631 1695 1703 atque
1735 1624 1920 1684 firmo
1948 1623 2079 1683 Leo
2106 1630 2171 1684 et
2201 1622 2429 1684 Petrus
2470 1642 2571 1705 gg.
2616 1623 2661 1682 f.
2706 1623 2854 1684 Ursi

397 1741 510 1800 por
547 1740 927 1783 consensum
970 1723 1173 1801 patris
1216 1721 1383 1782 med.
1427 1728 1493 1797 et
1544 1723 1795 1801 integra
1842 1720 1923 1781 de
1970 1740 2118 1781 casa
2168 1739 2278 1782 seu
2328 1727 2497 1782 sorte
2553 1740 2742 1782 mass.
2788 1723 2855 1781 in

397 1819 739 1898 UlignanO.
800 1838 925 1897 que
980 1839 1030 1880 r.
1073 1819 1202 1880 fuit
1257 1839 1370 1898 per
1424 1819 1790 1879 Romanulo
1833 1838 2047 1889 mass„
2091 1825 2166 1879 ut
2207 1826 2393 1897 pater
2434 1825 2645 1879 vester
2691 1819 2853 1880 deti-

394 1919 558 1988 nuit,
602 1936 720 1994 pro
761 1936 936 1994 pene.
978 1936 1195 1978 annua
1237 1919 1306 1978 in
1346 1917 1491 1977 fest.
1536 1937 1585 1977 s.
1631 1917 1831 1977 Mat-ie
1871 1918 1938 1976 in
1985 1923 2216 1995 agusto
2270 1915 2356 1976 ad
2410 1917 2560 1977 ecel.
2604 1936 2653 1977 s.
2699 1915 2852 1976 obt.

382 2034 529 2094 arg.
573 2014 719 2074 den.
764 2013 857 2073 VI
900 2014 961 2074 b.
1006 2034 1151 2093 exp.
1197 2015 1404 2093 qualis
1446 2035 1559 2094 per
1599 2020 1797 2092 temp.
1842 2032 1925 2086 o.;
1970 2033 2115 2092 pen.
2161 2033 2291 2093 arg.
2336 2013 2448 2075 sol.
2494 2022 2832 2075 sexxalnta

394 2112 542 2172 Aet.
587 2110 935 2173 Voloterre.
1020 2112 1343 2173 AnselmO.
1389 2112 1758 2173 Camerinus
1800 2112 1963 2173 diae.
2010 2118 2076 2172 et
2117 2131 2257 2172 can.
2304 2111 2609 2172 Adelmus
2637 2114 2851 2191 primi-

379 2211 617 2270 ·cerius.
666 2209 1115 2270 Ermendrieus
1156 2209 1365 2288 presb.
1410 2216 1475 2270 et
1518 2230 1659 2271 can.
1704 2209 1993 2271 Andreas
2022 2209 2230 2287 presb.
2261 2216 2329 2270 et
2363 2229 2503 2270 ean.
2533 2209 2854 2289 Teuperto

395 2306 607 2385 presb.
654 2313 720 2368 et
760 2326 903 2368 ean.
950 2306 1300 2383 Ioanhen¹)
1346 2306 1552 2384 presb.
1604 2314 1672 2367 et,
1714 2327 1855 2367 ean.
1899 2327 1981 2368 ss.
2034 2306 2096 2367 S.
2156 2326 2240 2366 m.
2292 2306 2442 2385 Legi
2474 2310 2517 2381 ¹)
2563 2312 2624 2365 et
2657 2307 2851 2368 Petri.

396 2403 545 2464 Ursi
586 2405 699 2482 qui
741 2403 825 2464 ad
854 2403 1001 2464 filiis
1031 2405 1338 2464 ‹·onsensi.
1369 2403 1599 2465 Petrus
1629 2404 1821 2465 iudex
1851 2406 1981 2483 inp.
2015 2424 2095 2465 ss.
2129 2402 2189 2463 S.
2217 2424 2301 2464 m.
2347 2403 2668 2464 Uuillelmi
2711 2404 2756 2464 f.
2790 2404 2851 2464 b.

398 2522 483 2561 m.
529 2500 920 2563 Cunicunde.
966 2501 1162 2563 Uuidi
1203 2501 1251 2562 f.
1298 2502 1360 2560 b.
1405 2522 1490 2561 m.
1533 2502 1891 2583 Teudinghi
1947 2522 2011 2581 q.
2069 2502 2300 2563 Teutio
2355 2522 2494 2562 voc.
2551 2501 2854 2581 Teuperti

380 2618 459 2676 ·q.
502 2600 733 2660 Teutio
776 2619 915 2660 voc.
958 2599 1004 2660 f.
1051 2597 1113 2658 b.
1160 2619 1244 2659 m.
1297 2598 1586 2660 Grasolfi.
1633 2599 1988 2660 Ildibrandi
2030 2619 2094 2677 q.
2141 2598 2359 2659 Ilditio
2402 2618 2541 2659 voe.
2587 2599 2632 2659 f.
2672 2599 2733 2659 b.
2767 2619 2851 2659 m.

397 2696 697 2757 Iidibaldi
719 2716 782 2776 q.
810 2696 1029 2758 Ilditio
1062 2716 1197 2758 voe.
1230 2702 1310 2755 tt.
1344 2695 1712 2757 Gherardus
1740 2703 1873 2757 not.
1899 2698 2030 2775 inp.
2058 2703 2137 2757 tt.
2162 2716 2243 2755 ss.
2311 2696 2540 2756 Petrus
2561 2702 2696 2757 not.
2723 2699 2850 2775 inp.

725 2793 883 2857 Volt.
917 2792 1138 2872 AGap.
1183 2813 1246 2854 π.
1291 2793 1371 2855 34
1414 2792 1585 2872 Θήρ.

383 2991 493 3051 ·71.
1867 2990 2164 3061 Volterr‘z,
2209 2988 2290 3050 28
2330 2988 2669 3050 November
2712 2991 2851 3052 986.

514 3088 1066 3166 Nongnentesimo
1120 3088 1538 3148 octuaiesimo
1590 3095 1825 3160 sento,
1869 3093 2105 3166 quarto
2157 3087 2283 3148 kal.
2328 3088 2486 3160 dec„
2532 3088 2662 3148 ind.
2708 3088 2850 3149 XV.

395 3184 773 3245 Anselmo
814 3183 1153 3245 archidiae.
1184 3191 1252 3245 et
1279 3186 1640 3264 prepositus
1667 3205 1717 3244 S.
1751 3183 2089 3246 Ottabiani
2120 3186 2288 3245 iusta
2316 3184 2547 3245 domus
2574 3205 2624 3245 s.
2657 3185 2854 3247 Marie

394 3281 607 3343 Volot.
651 3301 764 3360 per
804 3301 1181 3342 consensum
1223 3282 1629 3343 sacerdotum
1658 3302 1798 3343 can.
1822 3282 2069 3342 fratum
2097 3286 2142 3358 ¹)
2171 3301 2456 3342 meorum
2486 3301 2598 3342 seu
2627 3283 2855 3343 levitas

380 3379 605 3457 -adque
644 3380 888 3440 ciratici
931 3379 1040 3439 lib.
1098 3380 1232 3440 iure
1272 3380 1356 3440 do
1399 3386 1596 3458 atque
1637 3380 1821 3440 firmo
1877 3380 2046 3440 Urso
2099 3379 2306 3459 presb.
2362 3379 2409 3440 f.
2471 3379 2531 3440 b.
2584 3400 2667 3440 m.
2726 3381 2853 3441 An·

388 3478 672 3539 simundi
715 3477 881 3538 med.
926 3477 1006 3537 de
1047 3478 1326 3538 casalino
1368 3485 1435 3538 et
1478 3477 1668 3539 rebus
1706 3478 2076 3550 donnicatas,
2116 3479 2180 3539 in
2235 3497 2366 3557 qua
2417 3477 2544 3538 fuit.
2599 3498 2747 3539 casa
2789 3485 2854 3539 et

392 3581 574 3634 curte
614 3574 981 3646 donnicata,
1007 3575 1068 3634 in
1114 3575 1262 3635 Lari
1305 3583 1371 3637 et
1399 3575 1525 3635 alia
1553 3576 1803 3636 cassina
1832 3596 1942 3635 seu
1973 3577 2224 3654 integra
2258 3583 2430 3637 sorte
2458 3577 2855 3637 massaricias

394 3672 458 3732 in
506 3670 670 3736 Lari.
714 3673 842 3732 iam
885 3691 934 3730 r.
978 3691 1091 3750 per
1132 3672 1241 3751 qd.
1289 3672 1681 3751 Rachiperto
1724 3693 1913 3734 mass.
1958 3680 2027 3733 et
2069 3672 2262 3734 modo
2303 3692 2414 3752 per
2449 3672 2853 3742 Ghisalmari‚

380 3768 507 3845 -qui
546 3766 706 3829 cillo
746 3787 909 3840 voc„
952 3786 1071 3846 pro
1112 3787 1286 3847 pens,
1332 3789 1549 3830 annua
1580 3771 1641 3829 in
1670 3769 1815 3829 fest.
1861 3790 1911 3830 s.
1944 3770 2143 3831 Maris
2186 3771 2251 3831 in
2280 3776 2513 3850 agusto
2541 3790 2675 3849 arg.
2706 3770 2851 3831 den.

394 3864 628 3925 XVIII
671 3864 733 3925 b.
777 3885 921 3943 exp.
952 3865 1160 3945 qualis
1186 3886 1301 3946 per
1329 3874 1525 3945 temp.
1572 3887 1653 3939 o.;
1699 3874 1847 3946 post,
1877 3874 2062 3928 tuum
2093 3887 2420 3928 excessum
2451 3887 2547 3928 res
2579 3869 2855 3928 Duranti

394 3961 439 4023 f.
483 3963 722 4024 Amitie
763 3969 830 4024 et
870 3964 1006 4025 eius
1036 3968 1149 4043 gg.
1194 3964 1563 4037 deveniant;
1610 3984 1756 4045 pen.
1801 3986 1931 4045 arg.
1976 3966 2091 4027 sol.
2135 3964 2276 4025 LX.
2364 3965 2508 4025 Aet.
2555 3968 2728 4025 intus
2770 3967 2854 4024 ci-

394 4062 664 4121 vitatem
709 4060 1173 4124 Voloterrense.
1260 4063 1582 4123 Anselmo.
1629 4063 1934 4125 Adelmus
1978 4065 2390 4143 primicerius.
2437 4064 2602 4124 Urso
2644 4064 2852 4143 presb.

392 4157 682 4219 Andreas
723 4159 931 4238 presb.
976 4166 1041 4220 et.
1082 4180 1225 4220 ean.
1271 4159 1641 4222 Camerinus
1682 4161 1845 4221 diae.
1892 4169 1955 4222 et
1998 4181 2139 4222 can.
2189 4161 2506 4223 Iohannes
2547 4162 2757 4240 presb.
2790 4170 2855 4223 et,

380 4277 535 4318 ean.
580 4257 1028 4318 Ermendricus
1069 4258 1277 4336 presb.
1322 4266 1387 4319 et
1431 4279 1570 4319 can.
1618 4259 1901 4319 Rodulfo
1927 4259 2091 4320 diac.
2123 4267 2188 4320 et
2224 4280 2363 4320 can.
2399 4260 2621 4321 Albizo
2658 4262 2855 4322 levita

378 4362 461 4415 et
488 4374 627 4414 ean.
659 4355 924 4417 Alberto
955 4355 1150 4416 levita
1178 4362 1243 4415 et
1274 4376 1393 4417 can
1422 4377 1504 4417 ss,
1538 4358 1813 4418 Uuinizo
1841 4364 1922 4418 tt.
1968 4356 2202 4418 Alboni
2231 4365 2312 4419 tt.
2345 4379 2425 4420 ss,
2460 4358 2522 4420 S.
2557 4379 2640 4420 m.
2673 4359 2851 4419 Unil-

392 4451 564 4512 lelmi
605 4451 650 4513 f.
696 4452 757 4513 b.
804 4473 888 4513 m.
934 4454 1086 4514 item
1132 4453 1456 4515 Uuillelmi
1498 4461 1577 4516 tt.
1730 4453 2095 4515 Gherardus
2135 4462 2272 4515 not.
2318 4458 2448 4534 inp.

720 4549 879 4613 Volt.
925 4548 1145 4629 Acap.
1192 4571 1253 4611 n.
1299 4550 1379 4611 35
1422 4550 1594 4629 Oriq.

538 4755 580 4817 ¹)
622 4755 713 4805 So.
