4000 5700
1071 472 1514 526 REGESTUM
1552 472 1661 524 VO
1671 471 2114 525 LATERRAN
2123 471 2241 526 tm
2773 470 2881 524 233

430 568 591 574 —-..-.*..
2571 562 2768 572 ..n-——.
2781 567 2788 571 .

414 669 556 729 eius
596 670 898 729 assessori
940 673 1007 728 et
1048 666 1261 728 iudici.
1367 669 1449 730 In
1490 669 1863 728 memoriam
1906 687 2286 728 revocamus
2342 686 2458 727 nos
2511 665 2747 746 pluries
2797 667 2882 727 (le

420 766 606 828 bonis
640 773 715 827 et
754 766 1018 828 decimis
1058 764 1286 826 Albiso
1328 764 1524 844 priori
1563 764 1644 826 de
1703 765 2005 827 Paurano
2057 767 2266 827 amico
2322 765 2553 826 intimo
2594 766 2884 825 comunis

416 870 487 926 et
526 862 750 944 populi
792 864 1146 926 Florentini
1187 862 1646 924 inviolabiliter
1686 863 2018 924 servandis
2061 864 2405 942 scripsisse.

750 962 909 1024 Vou.
953 962 1195 1025 AVesc.
1241 962 1413 1039 App.
1456 980 1507 1021 s.
1551 960 1742 1021 XIII
1783 960 1950 1022 Rem.
1991 980 2059 1022 n.
2104 960 2143 1021 4
2184 959 2341 1038 Gop.
2383 980 2432 1020 8.
2475 959 2685 1020 XIII.

420 1116 564 1175 698.
1982 1111 2305 1182 Montieri,
2347 1110 2429 1173 23
2470 1111 2657 1173 Mara
2697 1111 2875 1173 1258.

539 1210 910 1281 MOCLVH,
968 1210 1034 1272 X
1075 1208 1200 1271 kal.
1247 1229 1405 1291 apr„
1448 1209 1582 1270 ind.
1626 1210 1681 1270 I.
1779 1207 2104 1288 Henrigus
2160 1206 2486 1269 Gullielmi
2537 1214 2605 1271 et
2658 1208 2881 1271 Benci-

421 1328 625 1371 venne
653 1310 979 1379 Iohannis,
1010 1314 1455 1387 procuratores
1479 1307 1655 1368 Petri
1677 1306 1828 1367 olim
1856 1305 2249 1368 Christofani
2275 1312 2344 1367 et
2373 1306 2639 1367 Orlandi
2666 1306 2878 1368 Buon-

417 1409 686 1487 signoris
714 1412 895 1469 carta
922 1405 1234 1469 Gnidonis
1265 1406 1530 1467 Giannis
1560 1410 1717 1475 not„
1742 1402 2116 1476 MCCLVII,
2140 1403 2272 1465 ind.
2306 1403 2358 1476 Ι,
2385 1405 2439 1462 V
2461 1403 2587 1465 kal.
2613 1412 2804 1466 mart.
2835 1408 2878 1482 ¹)

419 1505 799 1566 confitemur
842 1524 956 1565 nos
995 1505 1306 1582 recepisse
1348 1524 1388 1563 a
1426 1503 1722 1565 Ventura
1762 1501 2113 1580 capellanO,
2175 1502 2515 1574 R-ainaldo,
2574 1502 2880 1564 Micchele

419 1602 721 1665 castaldis
765 1602 936 1664 curie
970 1604 1039 1663 in
1065 1601 1384 1663 Monterio
1411 1620 1529 1679 pro
1571 1599 1990 1679 Raynerio
2018 1599 2223 1660 eleeto
2250 1600 2427 1662 Vult.
2460 1621 2497 1661 a
2526 1600 2654 1661 kal.
2683 1607 2876 1661 mart.

417 1700 734 1763 MCOLVI
776 1700 861 1760 ad
900 1699 1028 1761 kal.
1074 1705 1265 1759 mart.
1307 1697 1661 1760 MCCLVII
1703 1699 1989 1777 quinque
2032 1696 2208 1758 milia
2237 1704 2498 1759 centum
2526 1700 2883 1777 nonaginta

419 1798 528 1860 lib.
561 1798 706 1859 den.
737 1797 881 1859 Sen.
907 1799 1138 1858 minut.
1163 1817 1281 1875 pro
1303 1793 1589 1857 valentia
1610 1794 2124 1856 DCLXXXXII
2149 1815 2340 1856 marc.
2366 1814 2496 1875 arg.
2523 1795 2602 1855 de
2625 1815 2878 1856 summa

417 1898 702 1975 quinque
725 1895 975 1956 milium
995 1894 1422 1957 ducentarum
1446 1894 1919 1974 quinquaginta
1946 1911 2141 1954 marc.
2163 1892 2210 1969 ²)
2242 1910 2435 1970 quam
2462 1892 2703 1953 clectus
2726 1893 2878 1953 dare

418 1995 711 2072 promisit
755 1992 1134 2056 Buonifatio
1176 1991 1636 2073 Buonsignoris
1678 1997 1746 2050 ct
1787 1989 2247 2051 Bartholomeo
2289 1991 2441 2049 olim
2485 1988 2878 2051 Christofani

417 2099 599 2153 carta
640 2091 857 2171 Egidii
900 2091 1269 2152 Guascom's.
1352 2089 1498 2150 Act.
1542 2088 1847 2150 Monterii
1884 2088 1954 2149 in
1994 2086 2144 2148 eccl.
2177 2107 2225 2147 s,
2258 2086 2499 2148 Iacobi.
2586 2086 2879 2148 Buondic

418 2189 525 2267 qd.
567 2187 862 2250 Tebaldi.
904 2187 1262 2248 Benincasa
1304 2191 1370 2247 et
1411 2186 1818 2248 Bencivenne
1846 2184 1954 2264 qd.
1986 2184 2332 2265 Paganelli.
2361 2183 2578 2246 Cenne
2607 2184 2713 2263 qd.
2743 2184 2877 2246 Uli·

418 2288 595 2349 verii.
639 2285 889 2347 Tafano
930 2284 1039 2365 qd.
1076 2283 1557 2356 Ciambruscoli‚
1585 2282 1726 2343 aliis
1758 2289 1836 2344 tt.
1922 2281 2351 2344 Ildebrandus
2382 2281 2693 2344 Marinelli
2721 2283 2874 2361 imp.

420 2390 591 2447 auct.
630 2390 772 2446 not.

539 2482 797 2543 Eisdem
838 2482 964 2557 die,
1009 2480 1168 2554 loco,
1212 2486 1317 2553 tt.,
1346 2485 1482 2541 not.
1570 2479 1820 2553 Eidem,
1848 2478 2180 2540 castellani
2211 2480 2277 2538 in
2306 2497 2563 2540 cassare
2589 2477 2671 2539 de
2695 2478 2875 2540 Mon·

419 2582 600 2651 terio,
643 2580 1023 2642 confitemur
1065 2599 1182 2641 nos
1223 2580 1532 2657 recepisse
1574 2598 1614 2638 a
1655 2579 1944 2639 Ventura
1992 2582 2059 2637 et
2117 2576 2438 2639 Rainaldo
2491 2576 2796 2637 castaldis
2836 2597 2879 2638 a

418 2677 545 2740 kal.
589 2684 780 2738 mart.
826 2683 998 2739 retro
1038 2674 1514 2739 CCCCXXXII
1553 2674 1663 2736 lib.
1709 2673 1854 2737 den.
1899 2674 2030 2737 Pis.
2073 2694 2223 2735 nov.
2254 2675 2483 2735 minut.
2516 2694 2632 2753 pro
2660 2674 2877 2736 solidis

419 2775 655 2837 nostris
696 2780 766 2835 et
805 2780 1171 2854 sergentum
1214 2780 1583 2835 morantum
1626 2774 1693 2833 in
1733 2791 1988 2832 cassaro
2041 2792 2162 2852 pro
2215 2790 2387 2833 anno
2442 2774 2752 2852 preterito
2791 2773 2876 2834 ad

417 2875 734 2934 rat-ionem
776 2871 1075 2934 XXXVI
1116 2871 1226 2932 lib.
1271 2890 1389 2950 pro
1428 2891 1665 2943 mense,
1710 2890 1872 2949 quos
1912 2870 2156 2932 electus
2197 2870 2352 2931 dare
2395 2875 2654 2931 tenetur
2694 2879 2878 2933 carta

418 2970 631 3050 Egidii
671 2969 1044 3032 Guasconis.

536 3069 705 3129 Item
748 3068 951 3129 eidem
996 3068 1329 3129 castellani
1369 3068 1749 3127 confitemur
1788 3086 1906 3128 nos
1947 3066 2257 3145 recepisse
2299 3086 2341 3127 a
2379 3067 2691 3140 Ventura,
2723 3067 2872 3129 Rai-

416 3166 629 3240 nald0‚
674 3166 943 3228 Michele
983 3165 1288 3227 castaldis
1329 3166 1409 3227 de
1450 3164 1812 3226 redditibus
1843 3163 2460 3245 argentifodinas-um
2493 3166 2809 3243 perceptis
2837 3186 2877 3225 a

417 3262 543 3324 kal.
587 3271 778 3325 mart.
823 3269 996 3325 retro
1037 3262 1371 3324 XXXVII
1411 3262 1521 3323 lib.
1567 3262 1660 3322 VI
1703 3262 1815 3323 sol.
1861 3263 1918 3324 V
1953 3262 2100 3323 den.
2144 3263 2271 3324 Pis.
2315 3282 2465 3323 nov.
2495 3265 2728 3324 minut.
2759 3284 2876 3342 pro

416 3363 709 3440 expensis
749 3361 943 3424 factis
983 3364 1051 3422 in
1090 3362 1495 3440 reaptatione
1551 3361 1806 3432 cassari,
1865 3361 2165 3438 precipue
2205 3361 2464 3422 intratis
2519 3360 2713 3422 factis
2758 3381 2874 3440 pro

416 3459 605 3521 nobis
645 3465 711 3519 et
749 3479 869 3538 pro
910 3458 1195 3522 Orlando
1235 3466 1302 3519 et
1329 3459 1523 3519 Petro
1551 3464 1617 3519 et
1653 3458 2073 3520 societatibus
2099 3477 2321 3519 eorum
2351 3459 2420 3519 in
2447 3458 2608 3518 turri
2637 3460 2873 3520 cassari

415 3556 854 3618 detinentibus
892 3576 1242 3618 cassatum.

534 3655 705 3715 Item
747 3654 975 3727 eidem,
1020 3659 1466 3732 procuratores
1508 3656 1539 3715 Ι
1548 3653 1731 3716 acobi
1775 3654 1922 3715 olim
1971 3652 2246 3713 Renaldi
2292 3652 2511 3714 Iacobi
2556 3673 2672 3731 pro
2713 3673 2779 3713 se
2808 3661 2875 3714 et

415 3755 602 3813 sociis
641 3758 709 3814 et
754 3752 1018 3816 Orland.i
1060 3752 1518 3830 Buonsignoris
1561 3772 1675 3829 pro
1704 3749 2060 3827 se,.Iacobo
2091 3751 2467 3822 Ranuccini‚
2498 3751 2639 3811 aliis
2666 3752 2870 3824 sociis,

416 3859 599 3913 carta
640 3850 951 3913 Guidonis
993 3852 1262 3914 Giannis
1304 3857 1462 3923 not„
1506 3850 1890 3911 confitemur
1931 3868 2047 3910 nos
2089 3868 2130 3909 a
2169 3851 2481 3922 Ventura,
2527 3848 2871 3920 Rainaldo,

418 3949 681 4011 Michele
722 3948 1025 4010 castaldis
1069 3968 1185 4027 pro
1228 3949 1621 4010 Rainerio
1664 3948 1868 4010 electo
1910 3946 2085 4008 Vult.
2131 3967 2171 4008 a
2197 3946 2324 4008 kal.
2356 3953 2547 4007 mart.
2577 3957 2750 4008 retro
2775 3966 2870 4007 re-

416 4049 655 4125 cepisse
697 4045 921 4109 CCXV
963 4045 1073 4108 lib.
1117 4046 1261 4106 den.
1307 4045 1449 4106 Sen.
1498 4047 1750 4116 minut„
1797 4064 1957 4123 quos
2000 4045 2241 4106 electus
2270 4045 2424 4106 dare
2451 4043 2646 4104 debet
2676 4046 2764 4104 cis
2792 4064 2871 4105 ex

416 4146 551 4205 iure
591 4163 766 4204 cesso
804 4144 1046 4207 Iacobo
1090 4143 1363 4205 Renaldi
1404 4150 1472 4203 et
1516 4143 1753 4203 Iacobo
1784 4142 2140 4203 Ranucoini
2171 4163 2208 4202 a
2238 4144 2492 4203 comuni
2524 4141 2692 4214 Sen,
2724 4162 2872 4204 cum

413 4242 653 4304 electus
698 4262 804 4302 cos
846 4242 999 4304 dare
1044 4242 1385 4303 tenebatur
1427 4243 1685 4303 nomine
1726 4261 1950 4302 census
1993 4260 2111 4318 pro
2154 4248 2362 4301 castro
2406 4241 2728 4302 Monterii.

743 4339 901 4399 Volt.
947 4339 1186 4400 AVcsc.
1231 4358 1281 4399 s.
1326 4338 1513 4399 XIII
1556 4337 1681 4398 dec.
1727 4337 1766 4397 6
1792 4357 1857 4397 n.
1888 4337 1965 4397 51
1996 4336 2170 4414 Oriq.
2208 4339 2358 4410 (vier
2391 4335 2735 4398 Urlcunden
2757 4337 2872 4414 aus

732 4437 931 4495 eincm
970 4435 1385 4512 Perqamem).

557 4600 598 4662 ¹)
644 4601 779 4650 1253
818 4599 1058 4648 Febr-aar
1085 4601 1166 4648 25.
1314 4598 1358 4661 ²)
1394 4597 1692 4660 Verqleiche
1719 4616 1743 4646 (ι
1766 4599 1980 4646 Bistam
2004 4597 2119 4646 und
2149 4596 2574 4656 Geldwirtschalt
2593 4615 2617 4646 v
2652 4597 2720 4645 II
2749 4596 2867 4646 300.

410 4691 572 4739 Diese
612 4690 723 4737 und
759 4690 845 4737 die
883 4690 1088 4737 andern
1125 4688 1426 4737 erwcihnten
1469 4686 1765 4737 Urkunden
1801 4688 1928 4735 sind
1967 4686 2226 4735 verloren.
