4000 5700
1092 536 1536 592 REGESTUM
1576 538 2257 594 VOLATERRANUM
2868 544 2902 593 9

442 742 617 796 terra
659 735 822 813 regi;
868 735 1022 794 item
1064 735 1313 794 cassina
1356 734 1421 794 in
1465 732 1785 805 Cusscano
1827 740 2019 794 antea
2064 754 2113 794 r.
2156 753 2270 813 per
2318 734 2669 813 Teutperto
2713 755 2901 797 masa.

444 840 513 893 et
551 839 791 893 sortem
833 830 922 892 ibi
964 850 1028 908 q.
1072 829 1266 891 modo
1304 830 1556 891 detinet
1596 829 1917 890 Iohannes
1961 850 2171 901 mass„
2218 832 2432 891 omnia
2469 831 2551 890 ad
2579 832 2904 909 pertighas

446 928 653 1005 OOCV
655 927 796 988 IIII
837 935 901 987 et
950 946 1245 987 mensura
1287 926 1635 987 modiolum
1681 926 1933 987 XVIII.
1977 927 2502 988 Comutacionem
2544 929 2791 989 accedit
2820 928 2903 988 ad

446 1026 910 1105 previdendum
950 1024 1033 1085 de
1074 1044 1222 1103 pars
1264 1043 1483 1101 regum
1525 1044 1633 1085 seo
1675 1024 1977 1086 Ubbaldo
2019 1024 2064 1084 f.
2098 1024 2159 1084 b.
2185 1045 2269 1085 m.
2303 1026 2476 1085 Petri
2503 1032 2569 1086 et
2600 1027 2761 1086 Boni
2793 1028 2904 1104 qui

448 1124 710 1186 Bonitio
752 1143 890 1184 voc.
934 1122 979 1182 f.
1026 1122 1088 1182 b.
1138 1141 1227 1182 m.
1286 1121 1586 1199 Oriperti.
1645 1122 2019 1183 Uuillerado
2073 1123 2265 1183 iudex
2321 1143 2565 1202 regum,
2621 1124 2702 1184 de
2756 1142 2903 1201 pars

446 1243 545 1301 ep.
590 1221 873 1301 Agifredi
915 1203 1050 1280 not..
1150 1221 1385 1280 Actum
1443 1220 1635 1281 domo
1689 1222 2086 1298 episcopatui
2144 1229 2364 1281 nostro
2423 1220 2900 1281 voloterrensis.

447 1322 617 1381 Boso
657 1339 758 1397 ep.
801 1339 883 1380 ss.
928 1319 990 1380 S.
1036 1338 1122 1379 m.
1172 1317 1538 1379 Rainbaldi.
1570 1318 1944 1380 Uuillerado
1973 1320 2171 1380 iudex
2200 1339 2441 1399 regum.
2477 1320 2738 1381 Aristidi
2764 1326 2900 1380 not.

449 1438 668 1497 regum
712 1420 942 1478 missus
986 1418 1221 1478 Bosoni
1271 1436 1371 1494 ep.
1423 1437 1505 1476 ss,
1551 1416 1614 1477 S.
1659 1436 1743 1477 m.
1790 1415 2070 1478 Ubbaldi
2117 1423 2182 1476 et
2229 1418 2392 1478 Boni
2435 1419 2901 1478 estimatorum.

444 1517 641 1577 Leoni
684 1516 730 1576 f.
762 1514 824 1575 b.
860 1535 943 1574 m.
976 1514 1350 1575 Gadalberti
1382 1521 1461 1573 tt..
1494 1513 1808 1574 Cuneradi
1838 1513 1883 1574 f.
1915 1515 2184 1593 predicti
2217 1514 2499 1576 Ubbaldi
2524 1521 2605 1575 tt.
2633 1514 2905 1575 Evrardi

450 1613 805 1674 vicedomni
852 1620 932 1672 tt..
979 1611 1213 1673 Gundo
1253 1612 1417 1672 diac.
1462 1617 1530 1671 et
1572 1631 1712 1672 can.
1756 1632 1837 1671 88.
1922 1612 2299 1673 Uuinihildo
2340 1618 2475 1672 not.

776 1711 934 1772 Volt.
980 1709 1198 1788 ACap.
1242 1730 1306 1770 n.
1351 1709 1390 1770 9
1423 1709 1594 1788 Oriq.

445 1847 546 1906 28.
2193 1845 2493 1916 Vellet-ra,
2539 1845 2722 1905 Mc'irz
2763 1844 2901 1906 948.

528 1943 821 2005 Lottario
864 1962 973 2001 rex
1015 1962 1072 2001 a.
1117 1941 1661 2018 septimodecim0‚
1708 1944 1961 2014 martio,
1999 1943 2130 2003 ind.
2161 1950 2365 2003 sexta.
2453 1944 2659 2003 Boso
2688 1942 2901 2003 Volot.

442 2061 545 2119 ep.
590 2039 699 2100 lib.
742 2058 915 2099 nom.
958 2039 1145 2098 firmo
1186 2037 1418 2099 Veneri
1458 2038 1503 2098 f.
1534 2038 1642 2118 qd.
1675 2038 1990 2099 Bonifridi
2032 2043 2280 2117 integra
2322 2045 2492 2100 sorte
2520 2042 2586 2099 in
2615 2039 2900 2111 Filoiive,

448 2140 576 2198 iam
619 2157 667 2197 r.
713 2155 824 2214 per
858 2135 1138 2195 Homuio
1167 2141 1236 2195 et
1263 2136 1602 2213 Leupardo
1629 2154 1754 2214 gg„
1785 2138 2152 2215 pertinente
2179 2136 2260 2196 de
2288 2144 2468 2197 curte
2496 2136 2757 2197 Maiano
2783 2137 2903 2197 sub

446 2237 581 2295 iure
622 2254 744 2312 ep„
791 2241 864 2293 ut
909 2252 1056 2294 casa
1099 2239 1216 2294 aut
1257 2252 1550 2311 capanna
1590 2233 1800 2295 facere
1857 2241 1922 2294 et
1981 2253 2156 2313 pens.
2201 2254 2483 2295 annuam
2540 2237 2604 2295 in
2661 2234 2805 2295 fest.
2851 2256 2901 2294 8.

449 2332 705 2392 Martini
735 2333 782 2406 ¹)
825 2331 1067 2391 solvere
1095 2330 1332 2391 debeas
1362 2350 1490 2409 arg.
1521 2330 1665 2390 den.
1695 2331 1913 2391 decem
1946 2330 2008 2391 b.
2039 2352 2184 2409 exp.
2215 2333 2421 2410 qualis
2451 2352 2560 2410 per
2591 2339 2787 2410 temp.
2820 2352 2899 2403 0.;

446 2450 591 2509 pen.
636 2450 769 2509 arg.
813 2428 926 2489 sol.
971 2429 1324 2506 sexaginta.
1425 2429 1566 2488 Act.
1611 2429 1824 2489 Volot.
1925 2430 2094 2489 Boso
2136 2449 2233 2507 ep.
2280 2450 2360 2489 ss.
2407 2429 2468 2490 S.
2515 2450 2598 2489 m.
2651 2429 2900 2490 Veneri.

449 2528 758 2588 Everardi
799 2527 1179 2587 vicedomni.
1226 2527 1525 2586 Balduini
1566 2526 1612 2587 f.
1646 2527 1706 2586 1).
1742 2547 1823 2586 m.
1858 2528 2128 2588 Atraldi.
2163 2528 2440 2587 Eriberti
2467 2527 2513 2588 f.
2540 2527 2600 2588 b.
2627 2548 2710 2586 m.
2741 2527 2903 2588 Teu-

446 2626 641 2686 delasi
686 2632 767 2686 tt.
810 2624 1092 2703 sigifridi
1132 2630 1264 2684 not.
1311 2645 1393 2684 ss,
1480 2625 1761 2685 Berardo
1804 2634 1938 2685 not.

779 2723 936 2784 Volt.
983 2722 1295 2783 AMum'c.
1328 2722 1582 2797 (Radia)
1626 2723 1795 2799 Oriq.

447 2860 545 2920 29.
2021 2859 2315 2930 Volterra„
2363 2860 2400 2919 4
2441 2859 2719 2919 Februar
2759 2859 2899 2920 949.

566 2956 875 3016 Lothario
935 2975 1046 3016 rex
1109 2975 1167 3015 a.
1233 2954 1486 3027 XVIII,
1551 2954 1714 3033 prid.
1781 2976 1928 3016 non.
1992 2955 2174 3027 febr„
2240 2956 2370 3016 ind.
2430 2956 2580 3017 VII.
2693 2957 2902 3016 Boso

450 3054 660 3114 Volot.
704 3073 803 3131 ep.
848 3071 1159 3112 consensu
1200 3054 1649 3112 canonicorum
1695 3052 1921 3112 ordino
1949 3052 2359 3130 Ioh(annem)
2403 3052 2611 3130 presb.
2642 3052 2687 3113 f.
2722 3052 2781 3112 b.
2815 3073 2898 3113 m.

447 3150 753 3211 Iohannis
793 3157 859 3210 et-
892 3149 1118 3209 Petrus
1146 3148 1309 3208 diac.
1341 3147 1386 3207 f.
1424 3148 1724 3208 Rantilde
1753 3150 1817 3208 in
1861 3149 2011 3208 eccl.
2044 3169 2092 3208 8.
2127 3148 2432 3209 Iohannis
2462 3149 2732 3209 batister
2756 3154 2803 3224 ²)
2835 3155 2898 3208 et

446 3267 496 3308 s.
542 3247 798 3308 Mihaeli
840 3248 967 3307 sito
1009 3247 1259 3306 Mizano
1302 3266 1449 3306 cum
1490 3246 1697 3306 oferto
1733 3253 1799 3306 et
1830 3255 2229 3307 mortuorum
2260 3254 2322 3307 et
2359 3253 2485 3307 tres
2514 3249 2685 3324 petie
2713 3241 2776 3306 et
2807 3265 2900 3305 re-

445 3343 587 3405 ditu
632 3351 695 3404 et
739 3345 1195 3404 decimationes
1238 3363 1300 3422 q.
1344 3351 1567 3403 escunt
1623 3343 1704 3404 de
1747 3345 1899 3404 villa
1942 3344 2194 3404 Mizano
2234 3352 2296 3404 et
2357 3351 2581 3405 munte
2623 3345 2791 3412 Ursi,
2835 3351 2897 3404 et

450 3442 740 3503 habeatis
779 3441 1092 3512 edesium,
1139 3444 1302 3501 sicut
1346 3449 1540 3501 antea
1583 3442 1825 3502 Bonizo
1868 3441 2099 3520 presb..
2145 3443 2492 3515 incensum,
2537 3443 2898 3512 luminaria,

433 3539 810 3609 saimornm,
842 3538 1201 3616 vigilancia,
1232 3540 1320 3598 ini
1345 3541 1392 3613 ει)
1421 3537 1604 3598 fonte
1634 3537 1991 3599 batismalis
2021 3538 2331 3610 ordinati3
2364 3539 2631 3598 solvatis
2659 3558 2897 3597 annua-

449 3639 566 3697 tim
609 3638 675 3698 in
716 3636 862 3697 fest.
907 3655 956 3696 s.
1002 3635 1199 3696 Marie
1242 3638 1307 3696 in
1349 3643 1580 3714 agusto
1620 3656 1795 3714 pens.
1841 3656 1974 3716 arg.
2020 3636 2147 3696 den
2190 3636 2326 3697 XII
2369 3645 2436 3697 et
2478 3635 2621 3697 den.
2657 3637 2793 3696 XII
2835 3639 2901 3697 in

448 3737 577 3794 cira
600 3739 648 3810 ⁴)
693 3734 754 3794 b.
786 3754 931 3812 exp.
963 3735 1168 3813 qualis
1198 3754 1313 3812 per
1332 3741 1529 3811 temp.
1557 3754 1635 3805 0.;
1662 3754 1805 3811 pen.
1831 3753 1964 3812 arg.
1988 3734 2103 3794 sol.
2129 3733 2199 3794 L.
2287 3735 2518 3794 Actum
2549 3734 2742 3794 domo
2772 3736 2898 3811 epi·

448 3834 663 3911 scopio
686 3839 904 3894 nostro
926 3832 1409 3893 voloterrensis.
1496 3832 1664 3892 Boso
1706 3851 1804 3909 ep.
1853 3832 2170 3892 Iohannes
2213 3831 2420 3909 presb.
2468 3832 2695 3891 Petrus
2736 3832 2898 3893 diac.

452 3930 836 3991 Benedictus
860 3929 1068 4008 presb.
1093 3937 1156 3989 et
1181 3950 1320 3989 can.
1348 3929 1664 3990 Arnoldus
1688 3949 1826 3989 can.
1852 3937 1915 3989 et
1941 3930 2159 3990 levita.
2187 3929 2414 3989 Petrus
2437 3930 2646 4007 presb.
2672 3938 2732 3989 et
2758 3950 2899 3989 can.

450 4048 528 4088 88.
574 4027 635 4088 S.
682 4048 766 4088 m.
812 4028 1123 4088 Everardi
1162 4027 1548 4088 vicidomino
1578 4035 1658 4088 tt.
1692 4027 1965 4088 Iohanni
1992 4027 2038 4087 f.
2072 4027 2133 4087 b.
2161 4047 2243 4087 m.
2275 4028 2442 4087 Poti.
2489 4027 2728 4087 Bonitii
2759 4028 2803 4087 f.
2837 4027 2898 4088 1).

452 4145 534 4185 m.
578 4124 778 4186 Leoni
818 4132 898 4185 tt.
987 4126 1305 4186 Iohannes
1348 4133 1483 4185 not.

778 4222 932 4284 Volt.
978 4223 1197 4301 ACap.
1242 4243 1305 4284 n.
1351 4223 1433 4284 10
1475 4223 1644 4301 Oriq.

452 4366 544 4425 30.
2041 4366 2332 4436 Volterra,
2377 4365 2722 4443 September
2763 4365 2901 4427 949.

569 4464 910 4524 Lotharius
953 4482 1063 4523 rex
1104 4484 1164 4524 a.
1210 4463 2091 4542 nonodecimo,.september‚
2150 4463 2279 4523 ind.
2339 4471 2592 4524 octava.
2693 4465 2901 4523 Boso

452 4559 658 4620 Volot.
690 4580 790 4639 ep.
823 4560 932 4621 lib.
964 4560 1187 4621 ordine·
1218 4561 1401 4620 firmo
1432 4561 1686 4622 Andrea
1713 4560 1759 4621 f.
1791 4561 1898 4640 qd.
1928 4560 2135 4621 Teudi
2156 4563 2222 4621 in
2246 4561 2527 4621 casalino
2553 4569 2616 4620 et
2643 4581 2740 4621 res
2757 4580 2900 4639 per·

592 4752 628 4812 1)
668 4753 732 4801 11
772 4749 1075 4800 November.
1140 4801 1151 4812 ,
1224 4751 1267 4809 ²³)
1304 4749 1394 4800 So.
1540 4749 1584 4808 ³)
1626 4768 1689 4796 z
1730 4751 1787 4799 in
1814 4750 1969 4800 fonte
1990 4749 2330 4815 baptismali.
2480 4751 2522 4810 ⁴)
2563 4770 2632 4798 z
2670 4767 2811 4800 cere.
