4000 5700
1164 456 1268 510 160
1803 454 2250 510 REGESTUM
2285 454 2906 510 VOLATERRANU
2911 453 2974 507 M

3411 550 3480 554 -.-.—
3519 547 3618 554 ———

1160 651 1507 714 Bonifatio.
1551 652 1934 732 Bonaguida
1975 653 2084 732 qd
2128 653 2355 714 Parisi.
2400 650 2721 712 Guidocto
2748 657 2817 712 et
2842 650 3083 713 Iacobo
3124 652 3502 730 iurisperitis
3532 656 3612 712 tt.

1160 749 1590 811 Bontalentus
1631 751 1764 830 inp.
1810 750 1995 811 Fred
2038 756 2177 812 not.

1477 848 1740 910 Florem
1780 848 1932 910 Ast.
1980 849 2167 926 (Vult.
2211 848 2374 910 1227
2415 827 2496 908 II
2535 849 2633 920 22,
2679 868 2741 909 π.
2786 847 2932 927 263)
2975 846 3145 924 θήρ.

1154 1046 1293 1106 454.
2752 1041 3096 1116 Ficocchio,
3143 1043 3181 1103 7
3218 1043 3270 1105 J
3270 1063 3389 1105 um
3429 1041 3605 1104 1228.

1275 1142 1769 1215 MOCXXVIII,
1812 1142 1945 1203 ind.
1990 1143 2046 1215 Ι,
2090 1142 2222 1206 VH
2263 1142 2352 1203 id.
2397 1143 2528 1204 iun.
2613 1142 2992 1220 Paganus
3046 1161 3149 1219 ep.
3192 1141 3370 1203 Vult.
3428 1140 3612 1202 dedit

1155 1243 1223 1303 in
1263 1242 1529 1303 feudum
1572 1241 2017 1302 Ildibrandino
2059 1239 2364 1302 Gualdini
2403 1240 2485 1302 de
2526 1239 2824 1303 Certaldo
2865 1239 3119 1317 podere,
3164 1239 3340 1317 quod
3380 1240 3609 1302 habuit

1158 1341 1579 1402 Rustichinus
1618 1345 1687 1400 et
1730 1338 2015 1401 Berardo
2055 1341 2192 1399 eius
2232 1338 2278 1399 f.
2323 1341 2389 1398 in
2430 1344 2642 1399 castro
2684 1338 2765 1398 de
2807 1336 3172 1399 Puliceiano
3223 1339 3306 1398 ad
3346 1356 3612 1400 censum

1152 1438 1295 1501 XII
1336 1441 1748 1500 sestariorum
1789 1439 1992 1517 grani.
2075 1435 2219 1498 Act.
2263 1439 2332 1498 in
2371 1436 2564 1497 domo
2607 1438 2824 1515 pontis
2865 1436 2947 1496 de
2994 1436 3338 1517 Figocohio
3392 1457 3606 1498 coram

1154 1536 1562 1615 Ben(edicto)
1606 1536 1848 1597 abbate
1889 1536 1970 1597 de
2014 1536 2220 1598 Elmo.
2265 1535 2574 1613 Magistro
2605 1534 2951 1594 Laurentio
2980 1541 3047 1595 et
3084 1536 3340 1597 Simone
3366 1535 3608 1597 Massa-

1152 1638 1254 1697 nis
1293 1654 1434 1695 can.
1479 1634 1881 1695 Bernardino
1916 1632 2197 1712 plebano
2225 1632 2305 1692 de
2345 1630 2636 1693 Fabriba.
2721 1631 3009 1693 Fidanza
3052 1637 3187 1691 not.

1481 1734 1639 1797 Volt.
1686 1733 1925 1795 AVeoe.
1968 1751 2018 1794 8.
2063 1730 2258 1792 XIII
2295 1730 2416 1792 dec.
2460 1730 2501 1791 3
2540 1751 2601 1792 n.
2647 1731 2731 1792 20
2769 1731 2939 1808 Oriq.

1148 1932 1287 1992 455
2457 1926 2866 1999 Montevoede,
2910 1927 2989 1987 11
3031 1926 3382 2005 September
3421 1928 3600 1991 1228.

1271 2027 1762 2101 MOCXXV111‚
1806 2027 1937 2088 ind.
1984 2028 2039 2095 Ι,
2084 2026 2189 2087 III
2231 2026 2318 2087 id.
2362 2033 2525 2105 sept.
2610 2026 2863 2087 Salvius
2909 2030 3214 2086 monacus
3248 2032 3317 2087 et
3358 2047 3599 2088 camar-

1149 2130 1380 2209 lingue,
1425 2127 1665 2200 Bonus,
1711 2126 2097 2198 Sinibaldus,
2158 2125 2392 2187 Avitus
2449 2126 2700 2185 monaci
2756 2144 2806 2184 s.
2853 2123 3028 2184 Petri
3085 2123 3165 2185 de
3205 2124 3480 2187 Monte
3499 2146 3599 2186 v1

1148 2224 1356 2288 r1d1s
1394 2224 1712 2285 dederunt
1751 2222 2141 2303 parabolam
2173 2221 2411 2282 Iacobo
2452 2220 2601 2282 abb.
2645 2220 3084 2281 constituendi
3123 2230 3599 2299 procuratorem

1146 2328 1214 2388 in
1258 2326 1435 2385 curia
1476 2342 1643 2401 pape
1684 2321 1770 2382 ad
1810 2320 2068 2381 lieteras
2111 2319 2548 2397 impetrandas
2590 2325 2657 2379 et
2705 2317 2946 2379 iudices
2999 2319 3327 2400 eligendos
3366 2327 3435 2380 et
3488 2340 3602 2400 pa·

1148 2423 1434 2484 rabolam
1481 2420 1567 2482 ad
1607 2419 1989 2498 capiendam
2031 2421 2372 2497 pecuniam
2415 2423 2643 2477 mutuo
2682 2436 2802 2496 pro
2841 2416 3034 2478 dictis
3078 2419 3367 2495 negotiis,
3453 2420 3597 2480 Act.

1146 2524 1213 2582 in
1257 2520 1433 2581 dicto
1489 2538 1662 2579 mon.
1776 2515 2128 2597 Angelocto
2183 2515 2292 2594 qd.
2351 2514 2736 2576 Guidalocti.
2795 2516 3072 2577 Fasiano
3125 2515 3234 2593 qd.
3293 2516 3604 2577 Riciardi-

1147 2617 1465 2680 Bonofilio
1505 2614 1615 2694 qd.
1663 2614 1956 2694 Arigepti
2000 2618 2081 2672 tt.
2167 2610 2442 2691 Sigerius
2484 2631 2535 2670 s,
2580 2613 2734 2689 imp.
2782 2618 2916 2670 not.

1467 2713 1732 2774 Florem
1771 2711 1923 2773 Ast.
1972 2710 2164 2786 (Volt.
2208 2730 2269 2771 n.
2315 2709 2460 2785 294)
2504 2708 2674 2785 Oriq.

1143 2913 1280 2973 456.
2243 2936 2248 2941 ·
2564 2905 2860 2982 Per-uma,
2905 2905 2987 2966 12
3026 2904 3376 2983 September
3416 2906 3596 2968 1228.

1264 3005 1708 3086 Gregorius
1750 3002 1864 3065 IX
1911 3002 2224 3083 (Pagano)
2267 3003 2468 3074 Vult.,
2502 3001 2827 3078 (Bonfilio)
2870 3001 3015 3063 Sen.
3046 3020 3144 3080 ep.
3175 3008 3246 3063 et
3269 3007 3608 3082 preposito

1142 3105 1531 3168 Marturonsi
1572 3103 1737 3164 Flor.
1782 3101 1946 3162 dioc
2033 3101 2354 3172 Potestas,
2398 3098 2612 3171 iudex,
2657 3099 2998 3161 consiliarii
3040 3098 3216 3160 Vult.
3260 3104 3602 3180 conquesti-

1140 3209 1315 3275 sunt‚
1359 3202 1553 3282 quod,
1597 3221 1746 3261 cum
1787 3200 1939 3260 olim
1984 3199 2350 3278 prepositus
2389 3204 2455 3257 et
2496 3197 2853 3277 capitulum
2893 3196 3098 3274 plebis
3144 3197 3386 3259 Montis
3443 3199 3593 3259 Vul-

1141 3302 1321 3363 trarii
1363 3305 1589 3362 contra
1629 3318 1738 3359 eos
1779 3316 1969 3376 super
1996 3296 2296 3375 dampnis
2325 3295 2408 3355 ad
2438 3294 2844 3372 (Mai-tinum)
2870 3292 3388 3356 archidiac.'Sen.
3419 3315 3604 3358 suos-

1139 3419 1266 3480 que
1308 3397 1670 3460 coniudices
1713 3397 1960 3457 litteras
2003 3414 2105 3474 ap.
2153 3396 2628 3471 impetrassent,
2672 3392 2866 3453 iidem
2922 3394 3273 3454 sentientes
3328 3414 3396 3455 se
3451 3415 3594 3475 gra·

1143 3499 1300 3569 vari,
1343 3495 1519 3575 quod
1560 3496 1771 3555 locum
1812 3511 2108 3553 securum
2149 3493 2473 3571 assignare
2513 3490 2841 3563 nolebant,
2884 3489 2972 3550 ad
2996 3489 3214 3551 sedem
3241 3511 3347 3571 ap.
3377 3491 3597 3572 appel-

1139 3594 1386 3666 larunt3
1432 3593 1545 3654 sed
1584 3592 1845 3653 iudices·
1868 3593 1937 3652 in
1975 3590 2848 3656 eos,excommunicationem
2875 3593 2943 3649 et
2970 3586 3390 3651 interdictum
3433 3592 3595 3652 tule-

1137 3699 1310 3754 runt.
1336 3692 1497 3753 Cum
1518 3689 1934 3771 postmodum
1962 3707 2226 3749 causam
2250 3687 2698 3766 appellationis
2720 3707 2760 3747 a
2780 3686 3123 3764 H(onorio)
3150 3687 3594 3765 predecessore

1140 3788 1526 3869 (Gratiadio)
1568 3809 1668 3868 ep.
1712 3787 1943 3848 Pistor.
1988 3786 2388 3846 obtinuerint
2429 3785 2728 3864 delegari,
2774 3785 2874 3846 hic
2918 3783 3142 3846 abbati
3182 3804 3233 3846 s.
3276 3784 3500 3848 Savini
3524 3792 3592 3847 et

1137 3888 1373 3965 G(allo)
1417 3908 1558 3950 can.
1602 3887 1731 3948 Pis.
1774 3905 1918 3948 eam
1959 3883 2424 3961 subdelegavit.
2468 3882 2915 3943 Predecessore
2970 3889 3229 3944 mortuo
3268 3884 3471 3945 abbas
3524 3892 3598 3947 et

1135 4008 1278 4049 can.
1322 3985 1661 4066 procedere
1702 3986 2056 4044 omiserunt
2096 3988 2183 4054 et,
2228 3980 2380 4043 licet
2403 4000 2592 4060 -papa
2633 3988 2858 4059 postea
2898 4000 3158 4042 causam
3205 3980 3598 4058 (Gratiadio)

1136 4105 1234 4164 ep.
1280 4085 1668 4147 commiserit
1697 4088 1764 4161 ¹),
1808 4089 2027 4143 tamen
2073 4082 2435 4160 prepositus
2476 4085 2543 4139 et
2585 4080 2942 4158 capitulum
2984 4079 3299 4157 quasdam
3343 4081 3597 4141 litteras

1135 4183 1221 4245 ad
1262 4185 1653 4263 prepositum
1700 4180 1849 4243 Sen.
1896 4186 1961 4240 et
2003 4198 2152 4239 suos
2195 4177 2468 4258 collegas
2496 4198 2536 4238 a
2564 4197 2729 4256 pape
2756 4196 2946 4255 super
2975 4176 3423 4239 observatione
3450 4196 3592 4238 sen·

1135 4285 1506 4351 tenuat-um,
1551 4279 1631 4340 de
1673 4279 2105 4357 appellatione
2147 4296 2221 4336 ac
2265 4276 2496 4344 litteris
2537 4274 2618 4335 de
2658 4281 3148 4353 procuratorum
3176 4276 3458 4353 partium
3487 4295 3594 4335 as·

1133 4400 1321 4442 sensu
1364 4379 1648 4440 obtentis
1690 4396 1819 4437 non
1859 4375 2088 4436 habita
2143 4376 2490 4442 mentione,
2547 4374 3058 4452 impetraverunt
3111 4373 3279 4434 infra
3331 4379 3594 4452 tempus

1131 4473 1571 4557 prosequende
1614 4474 2064 4554 appellationis
2106 4494 2145 4532 a
2187 4475 2322 4533 iure
2365 4472 2678 4551 prefixum
2703 4473 2771 4549 ²);
2805 4491 2847 4531 a
2870 4469 3104 4550 quibus
3133 4470 3303 4531 idem
3334 4471 3594 4547 (Vult),

1277 4685 1321 4750 ¹)
1358 4683 1517 4733 Siehc
1552 4698 1605 4733 n.
1648 4684 1768 4733 434.
1915 4681 1959 4746 ξ’)
1996 4679 2115 4729 Eira
2151 4680 2310 4739 Jahr,
2349 4679 2489 4729 nach
2523 4694 2565 4730 ο.
2607 4682 2638 4730 5
2664 4677 2740 4738 X,
2762 4677 2853 4738 ΙΙ,
2882 4681 2964 4730 28.
