4000 5700
964 569 969 573 ἢ
1064 500 1166 553 188
1708 496 2150 551 REGESTUM
2191 496 2876 551 VOLATERRANUM

1058 695 1197 753 544.
2532 691 2820 760 Volso-ra,
2863 691 2904 753 5
2943 690 3293 770 September
3332 691 3512 754 1236.

1180 794 1477 853 Potestas
1519 790 1734 853 Vult.
1780 793 2124 853 constituit
2166 792 2444 853 sindicos
2486 791 2570 854 ad
2613 792 3017 853 observanda
3058 799 3366 871 precepta
3403 812 3503 870 po

1062 891 1323 951 tflsstatiss
1365 890 1643 1049 {latrem
1685 987 1838 1048 Ast.
1886 987 2072 1063 (Vou.
2118 1009 2179 1048 n.
2227 988 2371 1064 413)
2414 990 2588 1065 Orio.
2672 989 2793 1049 Ed.
2837 989 3099 1051 Sontini
3139 989 3293 1050 Doc.
3337 989 3472 1049 430.

1059 1223 1197 1281 545.
1668 1224 1683 1241 “
2551 1220 2818 1299 Pialeia,
2862 1220 2902 1280 6
2942 1220 3293 1298 September
3333 1219 3510 1281 1236.

1178 1318 1577 1380 Guilichinus
1620 1324 1999 1395 procurator
2044 1317 2394 1395 (Pagani)
2438 1337 2536 1397 ep.
2583 1316 2759 1377 Vult.
2806 1337 3021 1378 coram
3053 1319 3364 1397 magistro
3392 1318 3511 1379 Ba-

1060 1438 1210 1479 rone
1255 1418 1459 1496 priore
1501 1437 1548 1475 s.
1595 1415 1905 1477 Iohannis
1932 1422 2003 1476 et
2029 1414 2268 1475 Iacobo
2308 1434 2448 1475 can.
2494 1415 2727 1475 Pistor.
2773 1412 3208 1494 subdelegatis
3250 1414 3514 1477 Octonis

1058 1537 1107 1576 s.
1155 1515 1403 1577 Nicolai
1445 1517 1513 1575 in
1551 1513 1815 1575 carcere
1856 1512 2149 1573 Tulliano
2189 1513 2351 1573 diac.
2395 1513 2565 1575 card.
2612 1533 2804 1593 super
2845 1517 3208 1593 receptione
3251 1516 3514 1576 testium

1059 1613 1615 1694 producendorum
1657 1631 1874 1672 coram
1915 1612 2009 1672 eis
2049 1618 2117 1672 et
2175 1610 2484 1689 M(eliore)
2541 1612 2928 1691 archipresb.
2989 1614 3218 1674 Pistor.
3277 1613 3517 1691 collega

1057 1732 1278 1775 eorum
1323 1713 1389 1772 in
1429 1728 1644 1779 causa,
1690 1729 1814 1788 que
1872 1710 2149 1770 vertitur
2188 1711 2359 1770 inter
2399 1730 2501 1789 ep.
2545 1717 2613 1771 et
2654 1730 2927 1771 comune
2975 1709 3175 1783 Vult„
3223 1718 3515 1790 presente

1060 1810 1456 1872 Bontalento
1508 1808 1754 1870 sindico
1807 1809 2098 1868 comunis
2139 1807 2315 1868 Vult.
2375 1810 2774 1870 renuntiavit
2829 1808 3216 1888 depositioni
3258 1809 3513 1872 Carma-

1058 1908 1234 1987 gnini
1275 1906 1384 1985 qd.
1429 1906 1736 1967 Iohannis
1782 1904 2166 1985 Romagnoli
2205 1906 2287 1967 de
2328 1905 2571 1968 Sancto
2613 1908 2995 1969 Geminiano
3021 1911 3084 1985 ¹),
3121 1907 3340 1969 dicens
3367 1928 3512 1969 eum

1058 2026 1195 2067 esse
1239 2004 1619 2065 familiarem
1664 2004 1961 2081 (Pagani)
2003 2022 2104 2080 ep.
2189 2005 2334 2064 Act.
2382 2005 2640 2067 Pistorii
2683 2007 2750 2066 in
2791 2005 3070 2066 claustro
3106 2025 3156 2067 s.
3187 2005 3510 2067 Iohannis.

1058 2122 1220 2182 pres.
1266 2103 1515 2165 Sclacte
1556 2101 1863 2163 Clarodie.
1911 2101 2137 2160 Acursi
2181 2101 2620 2163 Pass'avantiS.
2705 2102 3194 2177 Mocxxxvl,
3254 2104 3384 2164 ind.
3429 2102 3512 2176 X,

1060 2198 1224 2261 VIII
1266 2199 1352 2259 id.
1398 2206 1562 2277 sept.
1649 2198 2067 2259 Braciafortis
2110 2215 2156 2257 s.
2203 2197 2326 2276 pal.
2373 2206 2507 2259 not.

1381 2291 1639 2354 Florem
1686 2291 1834 2352 Ast.
1880 2290 2072 2368 (Vou.
2116 2310 2179 2351 n.
2225 2291 2369 2369 415)
2413 2292 2585 2370 Oriq.

1061 2527 1198 2587 546.
2153 2523 2378 2585 Caeole
2429 2524 2549 2587 Val
2586 2525 2825 2600 d’El-sa,
2869 2526 2910 2587 9
2948 2525 3296 2604 September
3334 2526 3511 2589 1236.

1179 2623 1668 2696 MCCXXXVI,
1709 2624 1841 2685 ind.
1887 2624 1974 2695 X,
2019 2622 2077 2684 V
2117 2622 2203 2684 id.
2249 2630 2413 2702 sept.
2498 2624 2953 2704 P(aganus)
3010 2644 3112 2704 ep.
3169 2623 3370 2698 Vult„
3414 2626 3518 2686 cui

1061 2723 1160 2783 ius
1201 2729 1455 2801 spectat
1495 2723 1576 2783 de
1619 2721 1974 2784 rectoribus
2015 2728 2084 2781 et
2124 2723 2494 2800 potestariis
2547 2722 2864 2801 ponendis
2915 2724 2984 2784 in
3039 2723 3225 2783 terris
3279 2725 3514 2801 episco-

1061 2825 1256 2899 patus
1298 2820 1495 2893 Vult„
1542 2829 1617 2882 ut
1658 2827 1845 2900 patet
1885 2821 1953 2881 in
1994 2820 2341 2901 privilegiis
2381 2823 2438 2882 ei
2480 2822 2794 2883 concessis
2834 2842 2875 2883 a
2915 2839 3087 2901 papa
3139 2827 3207 2882 et
3248 2823 3515 2902 impera-

1061 2924 1223 2987 tore,
1263 2917 1454 2997 elegit
1496 2939 1614 2999 pro
1654 2925 1984 2998 potestate
2025 2924 2093 2979 et
2134 2927 2381 2981 rectore
2421 2922 2712 2981 comunis
2768 2922 3009 2982 Montis
3049 2920 3328 2983 Vultraii
3372 2920 3516 2982 inde

1061 3037 1101 3077 a
1140 3019 1349 3096 primo
1389 3019 1493 3080 die
1536 3038 1681 3080 nov.
1729 3016 2211 3096 Nappoleonem
2253 3018 2462 3079 civem
2507 3016 2668 3080 Flor.
2754 3020 2898 3079 Act.
2943 3020 3012 3080 in
3065 3017 3261 3080 domo
3313 3017 3517 3098 plebis

1061 3116 1141 3176 de
1159 3115 1418 3177 casulis,
1483 3113 1832 3178 Gualfredo
1851 3123 1919 3176 et
1950 3115 2189 3177 Iacobo
2214 3116 2294 3176 de
2325 3118 2544 3179 Monte
2567 3115 2861 3178 Vultraio
2886 3124 2954 3177 et
2981 3115 3248 3178 Michele
3277 3125 3518 3178 rectore

1060 3214 1285 3293 populi
1325 3215 1568 3276 Montis
1610 3214 1882 3278 Vultraii
1914 3219 1993 3275 tt.
2083 3212 2458 3275 Bonffliolus
2487 3214 2591 3293 qd.
2623 3213 2980 3277 Trinchetti
3008 3214 3090 3276 de
3117 3215 3339 3275 Monte
3367 3213 3516 3278 Vul-

1064 3312 1229 3374 traio
1270 3319 1403 3374 not.

1382 3413 1642 3473 morem
1686 3412 1837 3472 Ast.
1886 3411 2048 3486 (San
2090 3411 2495 3489 Gimiqnano)
2538 3411 2711 3489 Oriq.
2810 3411 2930 3472 Ed.
2987 3410 3210 3472 Ficker
3259 3410 3358 3473 IV
3396 3411 3517 3472 382

1384 3530 1447 3570 n.
1491 3511 1631 3571 356.
1677 3509 1828 3587 Req.
1872 3507 2183 3569 B.-F.-W.
2229 3508 2448 3570 13214.

1065 3706 1201 3766 547.
2507 3704 2788 3774 Florem,
2833 3704 2913 3764 10
2951 3704 3298 3782 September
3338 3704 3517 3765 1236.

1186 3804 1638 3865 Procuratores
1677 3803 1736 3863 V
1753 3799 1893 3863 ult.
1937 3809 2006 3862 et
2050 3803 2091 3863 S
2109 3824 2149 3863 a
2162 3823 2204 3862 n
2221 3823 2254 3862 c
2272 3804 2335 3863 ti
2382 3803 2437 3864 G
2452 3823 2486 3862 e
2501 3804 2604 3863 mi
2623 3804 2699 3862 ni
2716 3823 2811 3864 an
2828 3803 2847 3861 i
2875 3803 3417 3881 compromittunt
3454 3803 3518 3861 in

1067 3906 1457 3981 potestatem
1499 3901 1663 3962 Flor.

1385 3999 1648 4061 Florem
1693 3998 1844 4060 Ast.
1892 3999 2080 4074 (Vols.
2123 4019 2187 4059 n.
2234 3998 2377 4076 418)
2422 3999 2595 4075 Oriq.
2679 3998 2799 4059 Ed.
2844 3998 3104 4060 Sontini
3143 3997 3292 4058 Doc.
3338 3998 3474 4059 430.

1068 4226 1206 4285 548.
2509 4219 2786 4287 Florem.
2831 4221 2911 4281 12
2950 4219 3300 4297 September
3339 4220 3517 4282 1236.

1184 4321 1531 4383 Consilium
1574 4319 1737 4382 Flor.
1783 4321 2020 4381 statuit
2061 4319 2340 4399 quedam
2382 4318 2464 4379 de
2504 4337 2665 4396 pace
2706 4317 3005 4380 facienda
3030 4319 3199 4378 inter
3224 4318 3524 4379 comunis

1068 4416 1283 4480 Vult.
1329 4424 1396 4479 et
1437 4417 1725 4480 Sancti
1767 4418 2256 4478 Geminiani.

1386 4516 1646 4578 Florenz
1691 4516 1840 4577 Ast.
1888 4515 2077 4593 (Volt.
2122 4536 2186 4575 n.
2232 4515 2376 4592 419)
2421 4514 2594 4592 Oriy.
2680 4513 2799 4575 Ed.
2843 4513 3104 4576 Sontini
3145 4514 3296 4574 Doc.
3343 4513 3477 4574 431.

1216 4724 1254 4787 ·)
1298 4712 1437 4774 Uber
1474 4724 1573 4774 ian
1605 4722 1835 4774 saonem·
1867 4723 1998 4774 Doo.
2040 4726 2160 4773 302.
2200 4726 2320 4774 340.
2362 4725 2482 4774 342.
