4000 5700
1026 484 1471 539 REGESTUM
1506 484 1828 538 VOLATE
1836 483 2192 538 RRANUM
2768 484 2842 535 49

704 680 871 739 rium
899 698 992 757 ep.
1033 680 1199 741 Vult.
1230 679 1309 739 11
1338 682 1439 741 cit.
1521 679 1680 740 Edd.
1710 679 2062 740 Ammirato
2091 678 2170 740 84
2197 702 2265 735 :z
2296 678 2554 756 Uqhelli
2574 681 2594 713 ⁸
2619 679 2659 739 I
2677 680 2842 741 1436

710 801 779 833 z
823 776 1272 838 Rem-Camici
1314 775 1691 848 mathilde}
1717 776 1798 837 59
1832 796 1897 838 n.
1939 777 1980 837 3
2013 800 2084 833 z
2114 776 2469 839 Fiorentim‘
2518 777 2712 839 Mem.
2758 778 2798 838 I
2801 778 2838 838 l

705 874 874 952 App.
903 874 1026 936 120
1057 898 1127 931 z
1157 874 1343 936 Lami
1385 873 1565 934 Mon.
1597 873 1700 935 IV
1726 874 1824 935 25.
1908 873 2101 951 Reqq.
2132 873 2486 935 Ova-mann
2524 874 2837 936 Mathilde

701 973 823 1033 142
850 992 915 1033 τι.
943 972 1044 1033 31.
1074 972 1142 1032 H
1145 971 1338 1033 ‘abner
1363 992 1425 1034 τι.
1455 972 1635 1033 1469.
1675 971 2029 1048 Veryleicloe
2054 970 2297 1032 Sander
2337 972 2585 1050 Kampf
2635 972 2835 1034 Hein-

699 1070 867 1132 rich&
894 1070 931 1129 Ι
941 1070 992 1131 V
1024 1070 1156 1132 und
1184 1070 1441 1147 Greqors
1477 1069 1615 1130 VII
1645 1070 1745 1130 91.

385 1223 523 1283 136.
1068 1221 1153 1283 In
1192 1222 1298 1282 der
1338 1220 1686 1300 Grasschast
1724 1240 1841 1281 von
1893 1220 2192 1293 Volterra,
2232 1221 2315 1282 18
2355 1221 2610 1283 Oktober
2651 1223 2833 1284 1090.

500 1319 823 1380 Placitum
862 1318 1209 1380 Matilde
1248 1318 1570 1380 comitisse
1609 1324 1678 1379 et
1718 1317 2085 1380 ducatricis.

708 1416 871 1478 Volt.
904 1415 1122 1493 AOap.
1148 1437 1212 1478 n.
1257 1415 1338 1477 88
1377 1415 1472 1476 bis
1511 1415 1684 1493 Oriq.
1768 1414 1890 1477 cit.
1936 1415 2237 1477 Leoncini
2276 1416 2417 1478 317.
2460 1416 2611 1495 Req.
2655 1417 2833 1478 Over-

704 1532 898 1574 mann
938 1513 1249 1575 Mathilde
1275 1513 1397 1573 157
1423 1533 1488 1573 n.
1519 1514 1619 1574 47.

381 1663 522 1726 137.
2000 1663 2299 1738 Volterra,
2340 1665 2423 1726 30
2458 1665 2611 1726 Juli
2651 1665 2833 1726 1099.

501 1761 796 1824 Petrus
837 1763 1014 1823 Vult.
1044 1781 1165 1842 ep.‚
1194 1762 1518 1841 presentia
1547 1762 2064 1839 presbiterorum,
2094 1762 2510 1824 diaconorum
2538 1783 2649 1824 seu
2676 1763 2833 1823 infe-

374 1862 559 1922 rioris
599 1861 840 1923 ordinis
872 1862 1262 1935 clericorum,
1291 1859 1462 1922 dono
1489 1860 1639 1923 eccl.
1670 1881 1720 1922 6.
1752 1860 1915 1922 Iusti
1947 1866 2015 1921 et
2042 1861 2405 1934 clementie,
2430 1862 2542 1924 ubi
2571 1868 2670 1923 est
2699 1882 2832 1923 mo-

373 1959 730 2020 nasterium
771 1961 1163 2030 institutum,
1207 1959 1486 2019 decimas
1528 1958 1608 2019 de
1661 1963 1843 2019 curte
1878 1958 1964 2019 de
2005 1959 2267 2020 castello
2308 1958 2389 2020 de
2430 1959 2832 2034 Castellione‚

372 2057 553 2135 quod
593 2058 725 2117 iam
763 2057 890 2118 fuit
932 2056 1161 2118 Uberti
1201 2055 1311 2136 qd.
1355 2054 1519 2117 Belli
1557 2075 1671 2136 per
1697 2055 2006 2116 beneficio
2031 2076 2112 2117 ex
2138 2062 2325 2133 parte
2365 2058 2514 2118 eccl.
2546 2077 2594 2118 s.
2633 2058 2836 2119 Marie

372 2155 612 2227 Volot„
657 2155 826 2218 med.
869 2154 949 2215 de
990 2159 1160 2215 sorte
1201 2175 1241 2215 a
1281 2152 1526 2216 Sastria
1568 2174 1764 2233 prope
1805 2153 1956 2214 eccl.
1998 2174 2050 2218 s.
2095 2153 2394 2232 cipriani,
2447 2176 2494 2216 r.
2539 2175 2653 2233 per
2693 2157 2829 2218 Ste-

368 2252 530 2313 fano
568 2253 617 2314 f.
648 2252 934 2325 Gerardi,
966 2258 1032 2313 et
1072 2253 1198 2314 alia
1239 2253 1346 2325 ibi,
1390 2273 1441 2313 r.
1484 2271 1598 2331 per
1636 2252 1727 2312 fili
1768 2251 2076 2324 Carboni;
2119 2253 2380 2331 insuper
2409 2259 2646 2315 sortem
2689 2275 2728 2315 a
2771 2254 2831 2315 la

371 2349 649 2424 Quercia
688 2370 887 2430 prope
926 2351 1397 2415 Monttecatini.
1440 2356 1754 2430 quattuor
1793 2350 1999 2429 petias
2029 2356 2193 2411 terre
2220 2351 2287 2410 in
2314 2351 2575 2423 Collina,
2607 2372 2738 2414 una
2768 2355 2834 2414 in

372 2449 518 2509 loco
559 2448 669 2508 ubi
704 2449 827 2510 dic.
868 2467 1069 2528 prope
1109 2449 1169 2509 al
1214 2448 1414 2528 Pogio
1454 2447 1747 2520 Carboni,
1792 2446 2072 2507 secunda
2113 2467 2311 2526 prope
2367 2468 2408 2508 a
2447 2447 2832 2528 SprunalbO,

371 2566 503 2626 que
544 2547 675 2607 iam
701 2546 829 2607 fuit
857 2545 1118 2607 Gerardi
1149 2546 1193 2606 f.
1227 2546 1377 2606 Bosi
1405 2565 1484 2606 ex
1513 2551 1698 2625 parte
1724 2565 1774 2606 s.
1805 2546 2005 2606 Mario
2032 2545 2271 2619 Volot„
2295 2547 2490 2607 tertia
2515 2547 2574 2606 al
2607 2548 2827 2627 Pogi0‚

370 2662 502 2722 que
543 2644 673 2703 iam
712 2642 840 2703 fuit
880 2642 1197 2703 Dominici
1240 2642 1473 2722 presb„
1515 2649 1751 2721 quarta
1792 2661 1832 2703 a
1873 2641 2045 2703 Colle
2087 2642 2362 2703 Baronci
2404 2662 2602 2723 prope
2631 2644 2828 2706 fluvio

369 2740 457 2801 de
518 2740 764 2812 Raone,
826 2759 890 2819 q.
952 2739 1080 2800 fuit
1120 2739 1461 2818 Signoricti
1519 2738 1567 2799 f.
1611 2738 1878 2801 Curi-adi
1918 2758 1999 2801 ex
2052 2744 2238 2819 parte
2279 2759 2329 2799 S.
2372 2740 2572 2801 Marie
2613 2741 2826 2802 Volot.

370 2835 783 2910 MXCVIIII,
829 2836 933 2898 III
976 2836 1102 2898 kal.
1145 2838 1376 2917 agusti,
1420 2836 1551 2899 ind.
1595 2836 1740 2898 XV.
1826 2836 2057 2898 Petrus
2097 2857 2194 2917 ep.
2240 2836 2436 2917 Hugo
2485 2838 2826 2900 archidiac.

372 2935 583 2997 Gotzo
622 2936 885 2997 clericus
912 2941 979 2996 et
1008 2937 1382 2996 viceoustos.
1425 2934 1592 2996 Vido
1619 2935 2004 3014 archipresb.
2042 2954 2122 2996 ss.
2207 2934 2520 3015 Rogerius
2555 2957 2655 3016 ep.
2685 2938 2826 2999 Cre-

371 3033 656 3095 scentius
696 3053 795 3112 ep.
839 3033 1207 3095 Aldimarus
1232 3052 1332 3110 ep.
1363 3052 1444 3093 ss.

702 3130 861 3193 Volt.
894 3130 1203 3192 AMunic.
1234 3130 1493 3207 (Radia)
1521 3130 1691 3208 Oriq.
1776 3131 1894 3194 Ed.
1928 3131 2150 3193 Giachi
2170 3134 2184 3163 ¹
2215 3132 2338 3194 133
2366 3156 2434 3189 z
2463 3134 2484 3166 ²
2507 3133 2644 3193 446.

377 3284 514 3344 138.
2027 3300 2034 3306 ·
2112 3283 2292 3355 Rom,
2333 3286 2414 3346 24
2455 3284 2604 3346 Mai
2644 3286 2825 3347 1103.

496 3381 877 3442 Paskalis
930 3381 1014 3441 II
1068 3381 1216 3442 eccl.
1252 3381 1762 3455 Volitcrrensem,
1807 3386 2068 3461 petente
2111 3380 2386 3462 Rogerio
2426 3403 2546 3462 ep„
2579 3404 2827 3463 perma·
2918 3430 2921 3433 ι

370 3500 523 3541 nere
563 3481 631 3541 in
670 3480 1064 3559 possessione
1103 3479 1323 3558 oppidi
1378 3478 1598 3540 Sancti
1654 3478 2017 3540 Geminiani
2056 3480 2256 3541 iubet.
2309 3479 2623 3560 Rogerius
2678 3483 2826 3543 sub-

371 3578 617 3639 scribit.

702 3674 862 3736 Volt.
896 3674 1136 3736 AVesc.
1164 3694 1217 3735 ε.
1258 3674 1410 3735 XII
1448 3675 1573 3736 dec.
1616 3674 1654 3734 1
1696 3695 1758 3735 n.
1804 3675 1843 3735 7
1881 3675 2053 3754 Oriq.
2097 3675 2280 3737 Liber
2316 3677 2558 3738 iuriam
2600 3679 2683 3739 18
2720 3682 2828 3742 cit.

692 3773 851 3834 Edd.
878 3773 1225 3834 Ammirato
1253 3772 1332 3833 89
1358 3795 1426 3829 :-
1452 3773 1659 3851 Coppi
1685 3773 1782 3834 13.
1821 3772 2077 3851 Uqhelli
2093 3773 2171 3833 Ἰ
2189 3774 2370 3836 1438.
2398 3775 2623 3838 Mansi
2640 3779 2661 3811 ²
2690 3777 2825 3839 XX

690 3871 870 3939 1051.
912 3870 1490 3948 Ptluqk-Harttunq
1534 3870 1688 3932 Acta
1731 3870 1812 3930 II
1846 3871 1968 3931 179
2008 3892 2071 3932 π.
2114 3872 2253 3934 217.
2298 3874 2450 3951 Req.
2492 3874 2619 3935 JL.
2665 3876 2828 3937 5946

692 3970 880 4048 verql.
924 3970 1105 4031 6426.

379 4130 511 4191 139.
1121 4129 1335 4190 Varna
1376 4128 1470 4190 bei
1512 4129 1838 4190 Gambassi
1879 4130 1969 4190 im
2010 4130 2278 4204 Eleatal,
2325 4131 2364 4191 5
2407 4131 2599 4210 April
2639 4133 2824 4195 1104.

496 4229 699 4290 Breve
722 4226 806 4288 ad
827 4229 1197 4289 memoriam
1222 4227 1470 4288 factum
1492 4248 1531 4288 a
1550 4228 1767 4288 Varna
1789 4228 1855 4288 in
1869 4246 2033 4307 pres.
2052 4227 2334 4289 Gerardo
2354 4228 2401 4289 f.
2419 4229 2564 4308 Ugi,
2585 4231 2822 4312 Enrigo

371 4324 417 4385 f.
447 4323 701 4397 villani,
731 4323 877 4404 Ugo
914 4324 957 4383 f.
994 4325 1184 4397 Petri,
1220 4324 1404 4384 Actio
1444 4323 1491 4383 f.
1535 4323 1862 4397 Lanberti,
1904 4324 2063 4385 aliis.
2140 4324 2204 4386 U
2217 4345 2311 4404 go
2353 4332 2420 4386 et
2463 4326 2571 4387 Lu
2589 4329 2748 4388 teri
2773 4330 2828 4406 ι)

518 4521 559 4586 ²)
595 4523 703 4572 Die
739 4522 920 4572 letzem
956 4521 1308 4584 Kadolinqen
1343 4522 1448 4584 vql.
1474 4521 1789 4572 Davidsohn
1827 4523 2128 4574 ommam
2151 4523 2188 4573 I
2210 4525 2314 4575 368
2352 4524 2411 4588 ff.
2440 4523 2826 4588 Forschunyen

374 4610 410 4659 I
444 4613 512 4663 83
544 4611 626 4679 ff..
663 4611 937 4663 besonders
974 4613 1058 4663 85.
1132 4611 1467 4673 Scamnuasol
1490 4610 1699 4675 Refpem'
1731 4612 1815 4662 VI
1840 4613 1991 4676 App.
2021 4614 2090 4665 36
2131 4615 2255 4679 (von
2278 4613 2593 4664 Davideohn
2612 4631 2661 4665 a.
2682 4630 2734 4665 a.
2755 4615 2818 4665 Ο.

372 4698 637 4754 maha-saon
680 4701 995 4764 verbenam).
1093 4700 1142 4750 U
1146 4714 1295 4750 mere
1342 4699 1659 4751 Davidoohn
1699 4700 2009 4752 unbekannt
2048 4701 2339 4763 qebliobene
2385 4701 2642 4754 Urkunde
2685 4704 2824 4767 zeiqt

584 4844 619 4892 4
