<?xml version="1.0" encoding="UTF-8"?>
<!DOCTYPE html PUBLIC "-//W3C//DTD XHTML 1.0 Transitional//EN"
    "http://www.w3.org/TR/xhtml1/DTD/xhtml1-transitional.dtd">
<html xmlns="http://www.w3.org/1999/xhtml" xml:lang="en" lang="en">
 <head>
  <title>
</title>
<meta http-equiv="Content-Type" content="text/html;charset=utf-8" />
  <meta name='ocr-system' content='tesseract 3.04.00' />
  <meta name='ocr-capabilities' content='ocr_page ocr_carea ocr_par ocr_line ocrx_word'/>
</head>
<body>
  <div class='ocr_page' id='page_1' title='image "./regestumvolater01schngoog_0172.png"; bbox 0 0 4000 5700; ppageno 0'>
   <div class='ocr_carea' id='block_1_1' title="bbox 1138 543 2949 603">
    <p class='ocr_par' dir='ltr' id='par_1_1' title="bbox 1138 543 2949 603">
     <span class='ocr_line' id='line_1_1' title="bbox 1138 543 2949 603; baseline -0.002 0"><span class='ocrx_word' id='word_1_1' title='bbox 1138 548 1245 603; x_wconf 69' lang='lat' dir='ltr'><strong>1oe</strong></span> <span class='ocrx_word' id='word_1_2' title='bbox 1779 543 2225 601; x_wconf 72' lang='lat' dir='ltr'><strong>REGEs‘rUM</strong></span> <span class='ocrx_word' id='word_1_3' title='bbox 2261 543 2949 600; x_wconf 78' lang='lat' dir='ltr'>VOLATERRANUM</span> 
     </span>
    </p>
   </div>
   <div class='ocr_carea' id='block_1_2' title="bbox 1542 639 1719 646">
    <p class='ocr_par' dir='ltr' id='par_1_2' title="bbox 1542 639 1719 646">
     <span class='ocr_line' id='line_1_2' title="bbox 1542 639 1719 646; baseline -0.011 0"><span class='ocrx_word' id='word_1_4' title='bbox 1542 639 1719 646; x_wconf 52' lang='lat'><strong>,*——-.</strong></span> 
     </span>
    </p>
   </div>
   <div class='ocr_carea' id='block_1_3' title="bbox 1138 640 1539 649">
    <p class='ocr_par' dir='ltr' id='par_1_3' title="bbox 1138 640 1539 649">
     <span class='ocr_line' id='line_1_3' title="bbox 1138 640 1539 649; baseline 0 5051"><span class='ocrx_word' id='word_1_5' title='bbox 1138 640 1539 649; x_wconf 95' lang='lat' dir='ltr'><strong> </strong></span> 
     </span>
    </p>
   </div>
   <div class='ocr_carea' id='block_1_4' title="bbox 1135 738 3616 3556">
    <p class='ocr_par' dir='ltr' id='par_1_4' title="bbox 1135 738 3589 817">
     <span class='ocr_line' id='line_1_4' title="bbox 1135 738 3589 817; baseline -0.001 -11"><span class='ocrx_word' id='word_1_6' title='bbox 1135 743 1274 806; x_wconf 79' lang='lat'><strong>288.</strong></span> <span class='ocrx_word' id='word_1_7' title='bbox 1764 739 2038 803; x_wconf 68' lang='lat' dir='ltr'><strong>Volterra</strong></span> <span class='ocrx_word' id='word_1_8' title='bbox 2079 740 2214 800; x_wconf 78' lang='lat' dir='ltr'><strong>und</strong></span> <span class='ocrx_word' id='word_1_9' title='bbox 2256 739 2662 812; x_wconf 76' lang='lat' dir='ltr'><strong>Monteverde‚</strong></span> <span class='ocrx_word' id='word_1_10' title='bbox 2705 738 2789 801; x_wconf 83' lang='lat'><strong>28</strong></span> <span class='ocrx_word' id='word_1_11' title='bbox 2827 739 2962 801; x_wconf 76' lang='lat' dir='ltr'><strong>und</strong></span> <span class='ocrx_word' id='word_1_12' title='bbox 2999 740 3082 801; x_wconf 86' lang='lat'><strong>29</strong></span> <span class='ocrx_word' id='word_1_13' title='bbox 3121 740 3372 817; x_wconf 72' lang='lat' dir='ltr'><strong>Auyust</strong></span> <span class='ocrx_word' id='word_1_14' title='bbox 3411 741 3589 803; x_wconf 84' lang='grc'>1208.</span> 
     </span>
    </p>

    <p class='ocr_par' dir='ltr' id='par_1_5' title="bbox 1136 835 3616 3446">
     <span class='ocr_line' id='line_1_5' title="bbox 1257 835 3594 915; baseline 0 -16"><span class='ocrx_word' id='word_1_15' title='bbox 1257 838 1612 912; x_wconf 74' lang='grc' dir='ltr'><strong>ΜΟΟἮΙΙ,</strong></span> <span class='ocrx_word' id='word_1_16' title='bbox 1630 838 1757 898; x_wconf 88' lang='lat' dir='ltr'><strong>ind.</strong></span> <span class='ocrx_word' id='word_1_17' title='bbox 1784 837 1904 910; x_wconf 82' lang='lat' dir='ltr'><strong>XI,</strong></span> <span class='ocrx_word' id='word_1_18' title='bbox 1936 838 1993 898; x_wconf 93' lang='lat' dir='ltr'>V</span> <span class='ocrx_word' id='word_1_19' title='bbox 2021 837 2148 897; x_wconf 84' lang='lat' dir='ltr'><strong>kal.</strong></span> <span class='ocrx_word' id='word_1_20' title='bbox 2178 845 2337 915; x_wconf 82' lang='lat' dir='ltr'><strong>sept.</strong></span> <span class='ocrx_word' id='word_1_21' title='bbox 2425 836 2763 898; x_wconf 87' lang='lat' dir='ltr'><strong>Rainerius</strong></span> <span class='ocrx_word' id='word_1_22' title='bbox 2793 835 2995 899; x_wconf 80' lang='lat' dir='ltr'><strong>abbas</strong></span> <span class='ocrx_word' id='word_1_23' title='bbox 3021 856 3066 895; x_wconf 93' lang='lat' dir='ltr'><strong>s</strong></span> <span class='ocrx_word' id='word_1_24' title='bbox 3101 837 3275 898; x_wconf 88' lang='lat' dir='ltr'><strong>Petri</strong></span> <span class='ocrx_word' id='word_1_25' title='bbox 3303 838 3387 898; x_wconf 88' lang='lat' dir='ltr'><strong>de</strong></span> <span class='ocrx_word' id='word_1_26' title='bbox 3413 838 3594 899; x_wconf 73' lang='lat' dir='ltr'><strong>Mon·</strong></span> 
     </span>
     <span class='ocr_line' id='line_1_6' title="bbox 1136 933 3606 1017; baseline -0.001 -18"><span class='ocrx_word' id='word_1_27' title='bbox 1136 935 1395 1000; x_wconf 68' lang='lat' dir='ltr'><strong>teviridi</strong></span> <span class='ocrx_word' id='word_1_28' title='bbox 1416 955 1532 1012; x_wconf 89' lang='lat' dir='ltr'><strong>pro</strong></span> <span class='ocrx_word' id='word_1_29' title='bbox 1551 934 1836 998; x_wconf 83' lang='lat' dir='ltr'><strong>utilitate</strong></span> <span class='ocrx_word' id='word_1_30' title='bbox 1858 955 2031 996; x_wconf 89' lang='lat' dir='ltr'><strong>mon.</strong></span> <span class='ocrx_word' id='word_1_31' title='bbox 2055 935 2338 997; x_wconf 86' lang='lat' dir='ltr'><strong>concedo</strong></span> <span class='ocrx_word' id='word_1_32' title='bbox 2364 934 2550 996; x_wconf 86' lang='lat' dir='ltr'><strong>vobis</strong></span> <span class='ocrx_word' id='word_1_33' title='bbox 2577 935 2912 996; x_wconf 79' lang='lat' dir='ltr'><strong>Leonardo</strong></span> <span class='ocrx_word' id='word_1_34' title='bbox 2938 936 3042 1014; x_wconf 88' lang='lat' dir='ltr'><strong>qd.</strong></span> <span class='ocrx_word' id='word_1_35' title='bbox 3074 933 3249 996; x_wconf 88' lang='lat' dir='ltr'><strong>Gulli</strong></span> <span class='ocrx_word' id='word_1_36' title='bbox 3271 947 3340 996; x_wconf 86' lang='lat' dir='ltr'><strong>et</strong></span> <span class='ocrx_word' id='word_1_37' title='bbox 3355 937 3606 1017; x_wconf 83' lang='lat' dir='ltr'><strong>Sigerio</strong></span> 
     </span>
     <span class='ocr_line' id='line_1_7' title="bbox 1138 1031 3596 1112; baseline -0.001 -14"><span class='ocrx_word' id='word_1_38' title='bbox 1138 1034 1435 1098; x_wconf 78' lang='lat' dir='ltr'><strong>Gusolini</strong></span> <span class='ocrx_word' id='word_1_39' title='bbox 1474 1033 1694 1096; x_wconf 87' lang='lat' dir='ltr'><strong>Vult.</strong></span> <span class='ocrx_word' id='word_1_40' title='bbox 1738 1033 2228 1097; x_wconf 86' lang='lat' dir='ltr'><strong>consulibus</strong></span> <span class='ocrx_word' id='word_1_41' title='bbox 2285 1052 2401 1112; x_wconf 91' lang='lat' dir='ltr'><strong>pro</strong></span> <span class='ocrx_word' id='word_1_42' title='bbox 2445 1031 2627 1094; x_wconf 85' lang='lat' dir='ltr'><strong>vobis</strong></span> <span class='ocrx_word' id='word_1_43' title='bbox 2666 1040 2734 1094; x_wconf 87' lang='lat' dir='ltr'><strong>et</strong></span> <span class='ocrx_word' id='word_1_44' title='bbox 2789 1032 3192 1094; x_wconf 85' lang='lat' dir='ltr'><strong>Bonaccorso</strong></span> <span class='ocrx_word' id='word_1_45' title='bbox 3248 1031 3596 1096; x_wconf 83' lang='lat' dir='ltr'><strong>Rolandini</strong></span> 
     </span>
     <span class='ocr_line' id='line_1_8' title="bbox 1138 1128 3598 1204; baseline -0.001 -9"><span class='ocrx_word' id='word_1_46' title='bbox 1138 1134 1312 1195; x_wconf 81' lang='lat' dir='ltr'><strong>socio</strong></span> <span class='ocrx_word' id='word_1_47' title='bbox 1331 1137 1548 1194; x_wconf 81' lang='lat' dir='ltr'><strong>vestro</strong></span> <span class='ocrx_word' id='word_1_48' title='bbox 1566 1131 2072 1193; x_wconf 85' lang='lat' dir='ltr'><strong>iurisdictionem</strong></span> <span class='ocrx_word' id='word_1_49' title='bbox 2096 1149 2306 1191; x_wconf 82' lang='lat' dir='ltr'><strong>meam</strong></span> <span class='ocrx_word' id='word_1_50' title='bbox 2338 1132 2403 1190; x_wconf 92' lang='lat' dir='ltr'><strong>in</strong></span> <span class='ocrx_word' id='word_1_51' title='bbox 2431 1129 2707 1191; x_wconf 86' lang='lat' dir='ltr'><strong>castellis</strong></span> <span class='ocrx_word' id='word_1_52' title='bbox 2734 1129 2814 1189; x_wconf 86' lang='lat' dir='ltr'><strong>de</strong></span> <span class='ocrx_word' id='word_1_53' title='bbox 2840 1129 3150 1199; x_wconf 87' lang='lat' dir='ltr'><strong>Canneto‚</strong></span> <span class='ocrx_word' id='word_1_54' title='bbox 3173 1128 3386 1202; x_wconf 75' lang='lat' dir='ltr'><strong>sassa,</strong></span> <span class='ocrx_word' id='word_1_55' title='bbox 3401 1130 3598 1204; x_wconf 83' lang='lat' dir='ltr'><strong>Quer-</strong></span> 
     </span>
     <span class='ocr_line' id='line_1_9' title="bbox 1139 1227 3597 1309; baseline -0.001 -16"><span class='ocrx_word' id='word_1_56' title='bbox 1139 1237 1302 1306; x_wconf 64' lang='lat' dir='ltr'><strong>cem,</strong></span> <span class='ocrx_word' id='word_1_57' title='bbox 1345 1230 1681 1300; x_wconf 65' lang='lat' dir='ltr'><strong>Miccianm</strong></span> <span class='ocrx_word' id='word_1_58' title='bbox 1726 1231 2000 1302; x_wconf 84' lang='lat' dir='ltr'><strong>Roveta,</strong></span> <span class='ocrx_word' id='word_1_59' title='bbox 2032 1227 2369 1302; x_wconf 87' lang='lat' dir='ltr'><strong>Libbiano‚</strong></span> <span class='ocrx_word' id='word_1_60' title='bbox 2401 1228 2737 1301; x_wconf 69' lang='lat' dir='ltr'><strong>sermm,</strong></span> <span class='ocrx_word' id='word_1_61' title='bbox 2767 1227 2988 1290; x_wconf 76' lang='lat' dir='ltr'><strong>Monte</strong></span> <span class='ocrx_word' id='word_1_62' title='bbox 3017 1227 3326 1309; x_wconf 84' lang='lat' dir='ltr'><strong>Ravo[li],</strong></span> <span class='ocrx_word' id='word_1_63' title='bbox 3369 1230 3438 1290; x_wconf 91' lang='lat' dir='ltr'><strong>in</strong></span> <span class='ocrx_word' id='word_1_64' title='bbox 3472 1229 3597 1290; x_wconf 75' lang='lat' dir='ltr'><strong>Ga·</strong></span> 
     </span>
     <span class='ocr_line' id='line_1_10' title="bbox 1140 1326 3602 1406; baseline -0.001 -14"><span class='ocrx_word' id='word_1_65' title='bbox 1140 1328 1344 1402; x_wconf 77' lang='lat' dir='ltr'><strong>breto,</strong></span> <span class='ocrx_word' id='word_1_66' title='bbox 1388 1330 1459 1390; x_wconf 91' lang='lat' dir='ltr'><strong>in</strong></span> <span class='ocrx_word' id='word_1_67' title='bbox 1496 1327 1773 1389; x_wconf 73' lang='lat' dir='ltr'><strong>castellis</strong></span> <span class='ocrx_word' id='word_1_68' title='bbox 1813 1328 1896 1389; x_wconf 91' lang='lat' dir='ltr'><strong>de</strong></span> <span class='ocrx_word' id='word_1_69' title='bbox 1937 1329 2212 1404; x_wconf 76' lang='lat' dir='ltr'><strong>Agnano</strong></span> <span class='ocrx_word' id='word_1_70' title='bbox 2259 1331 2326 1387; x_wconf 88' lang='lat' dir='ltr'><strong>et</strong></span> <span class='ocrx_word' id='word_1_71' title='bbox 2379 1326 2855 1406; x_wconf 83' lang='lat' dir='ltr'><strong>Montegemoli‚</strong></span> <span class='ocrx_word' id='word_1_72' title='bbox 2899 1333 2974 1387; x_wconf 89' lang='lat' dir='ltr'><strong>ut</strong></span> <span class='ocrx_word' id='word_1_73' title='bbox 3028 1328 3287 1405; x_wconf 84' lang='lat' dir='ltr'><strong>possitis</strong></span> <span class='ocrx_word' id='word_1_74' title='bbox 3343 1329 3602 1389; x_wconf 88' lang='lat' dir='ltr'><strong>mittere</strong></span> 
     </span>
     <span class='ocr_line' id='line_1_11' title="bbox 1140 1424 3602 1505; baseline -0.001 -16"><span class='ocrx_word' id='word_1_75' title='bbox 1140 1427 1432 1489; x_wconf 85' lang='lat' dir='ltr'><strong>consules</strong></span> <span class='ocrx_word' id='word_1_76' title='bbox 1473 1425 1571 1487; x_wconf 86' lang='lat' dir='ltr'><strong>vel</strong></span> <span class='ocrx_word' id='word_1_77' title='bbox 1616 1431 1948 1498; x_wconf 87' lang='lat' dir='ltr'><strong>rectorem,</strong></span> <span class='ocrx_word' id='word_1_78' title='bbox 1993 1424 2285 1486; x_wconf 89' lang='lat' dir='ltr'><strong>homines</strong></span> <span class='ocrx_word' id='word_1_79' title='bbox 2326 1444 2550 1505; x_wconf 84' lang='lat' dir='ltr'><strong>cogere</strong></span> <span class='ocrx_word' id='word_1_80' title='bbox 2575 1424 2784 1485; x_wconf 79' lang='lat' dir='ltr'><strong>facere</strong></span> <span class='ocrx_word' id='word_1_81' title='bbox 2809 1443 3104 1505; x_wconf 76' lang='lat' dir='ltr'><strong>guerram</strong></span> <span class='ocrx_word' id='word_1_82' title='bbox 3133 1431 3202 1485; x_wconf 87' lang='lat' dir='ltr'><strong>et</strong></span> <span class='ocrx_word' id='word_1_83' title='bbox 3230 1443 3453 1502; x_wconf 79' lang='lat' dir='ltr'><strong>pacem</strong></span> <span class='ocrx_word' id='word_1_84' title='bbox 3482 1445 3602 1504; x_wconf 91' lang='lat' dir='ltr'><strong>pro</strong></span> 
     </span>
     <span class='ocr_line' id='line_1_12' title="bbox 1141 1521 3597 1603; baseline -0.001 -16"><span class='ocrx_word' id='word_1_85' title='bbox 1141 1523 1346 1597; x_wconf 79' lang='lat' dir='ltr'><strong>vobis,</strong></span> <span class='ocrx_word' id='word_1_86' title='bbox 1390 1529 1717 1585; x_wconf 83' lang='lat' dir='ltr'><strong>reservato</strong></span> <span class='ocrx_word' id='word_1_87' title='bbox 1758 1522 1952 1583; x_wconf 87' lang='lat' dir='ltr'><strong>michi</strong></span> <span class='ocrx_word' id='word_1_88' title='bbox 1993 1523 2159 1584; x_wconf 91' lang='lat' dir='ltr'><strong>med.</strong></span> <span class='ocrx_word' id='word_1_89' title='bbox 2203 1522 2588 1603; x_wconf 82' lang='lat' dir='ltr'><strong>placitorum</strong></span> <span class='ocrx_word' id='word_1_90' title='bbox 2623 1530 2692 1583; x_wconf 87' lang='lat' dir='ltr'><strong>et</strong></span> <span class='ocrx_word' id='word_1_91' title='bbox 2718 1521 3080 1584; x_wconf 88' lang='lat' dir='ltr'><strong>bannorum</strong></span> <span class='ocrx_word' id='word_1_92' title='bbox 3109 1523 3301 1583; x_wconf 77' lang='lat' dir='ltr'><strong>castri</strong></span> <span class='ocrx_word' id='word_1_93' title='bbox 3327 1524 3412 1584; x_wconf 88' lang='lat' dir='ltr'><strong>de</strong></span> <span class='ocrx_word' id='word_1_94' title='bbox 3434 1524 3597 1585; x_wconf 85' lang='lat' dir='ltr'><strong>Can·</strong></span> 
     </span>
     <span class='ocr_line' id='line_1_13' title="bbox 1141 1615 3597 1700; baseline -0.001 -14"><span class='ocrx_word' id='word_1_95' title='bbox 1141 1630 1297 1686; x_wconf 84' lang='lat' dir='ltr'><strong>neto</strong></span> <span class='ocrx_word' id='word_1_96' title='bbox 1317 1631 1385 1685; x_wconf 83' lang='lat' dir='ltr'><strong>et</strong></span> <span class='ocrx_word' id='word_1_97' title='bbox 1402 1621 1487 1683; x_wconf 87' lang='lat' dir='ltr'><strong>de</strong></span> <span class='ocrx_word' id='word_1_98' title='bbox 1504 1623 1712 1685; x_wconf 80' lang='lat' dir='ltr'><strong>Sassa.</strong></span> <span class='ocrx_word' id='word_1_99' title='bbox 1737 1622 1887 1683; x_wconf 91' lang='lat' dir='ltr'><strong>Non</strong></span> <span class='ocrx_word' id='word_1_100' title='bbox 1907 1615 2204 1684; x_wconf 78' lang='lat' dir='ltr'><strong>alienabo</strong></span> <span class='ocrx_word' id='word_1_101' title='bbox 2220 1621 2430 1682; x_wconf 82' lang='lat' dir='ltr'><strong>dictos</strong></span> <span class='ocrx_word' id='word_1_102' title='bbox 2456 1621 2648 1694; x_wconf 85' lang='lat' dir='ltr'><strong>locos,</strong></span> <span class='ocrx_word' id='word_1_103' title='bbox 2679 1622 2800 1681; x_wconf 83' lang='lat' dir='ltr'><strong>nisi</strong></span> <span class='ocrx_word' id='word_1_104' title='bbox 2821 1619 3107 1699; x_wconf 78' lang='lat' dir='ltr'><strong>inquisiti</strong></span> <span class='ocrx_word' id='word_1_105' title='bbox 3129 1624 3308 1700; x_wconf 84' lang='lat' dir='ltr'><strong>prius</strong></span> <span class='ocrx_word' id='word_1_106' title='bbox 3336 1620 3597 1684; x_wconf 76' lang='lat' dir='ltr'><strong>fueritis.</strong></span> 
     </span>
     <span class='ocr_line' id='line_1_14' title="bbox 1143 1718 3602 1798; baseline -0.001 -16"><span class='ocrx_word' id='word_1_107' title='bbox 1143 1721 1430 1782; x_wconf 86' lang='lat' dir='ltr'><strong>Reservo</strong></span> <span class='ocrx_word' id='word_1_108' title='bbox 1471 1718 1663 1780; x_wconf 89' lang='lat' dir='ltr'><strong>michi</strong></span> <span class='ocrx_word' id='word_1_109' title='bbox 1703 1719 2168 1798; x_wconf 73' lang='lat' dir='ltr'><strong>proprietatem</strong></span> <span class='ocrx_word' id='word_1_110' title='bbox 2195 1727 2263 1780; x_wconf 89' lang='lat' dir='ltr'><strong>et</strong></span> <span class='ocrx_word' id='word_1_111' title='bbox 2291 1718 2767 1779; x_wconf 78' lang='lat' dir='ltr'><strong>usumfmctum</strong></span> <span class='ocrx_word' id='word_1_112' title='bbox 2797 1719 2863 1780; x_wconf 91' lang='lat' dir='ltr'><strong>in</strong></span> <span class='ocrx_word' id='word_1_113' title='bbox 2893 1721 3076 1780; x_wconf 86' lang='lat' dir='ltr'><strong>terris</strong></span> <span class='ocrx_word' id='word_1_114' title='bbox 3103 1726 3170 1779; x_wconf 88' lang='lat' dir='ltr'><strong>et</strong></span> <span class='ocrx_word' id='word_1_115' title='bbox 3196 1719 3602 1794; x_wconf 87' lang='lat' dir='ltr'><strong>hominibus;</strong></span> 
     </span>
     <span class='ocr_line' id='line_1_15' title="bbox 1142 1816 3604 1899; baseline -0 -19"><span class='ocrx_word' id='word_1_116' title='bbox 1142 1838 1286 1899; x_wconf 83' lang='lat' dir='ltr'><strong>pen.</strong></span> <span class='ocrx_word' id='word_1_117' title='bbox 1329 1819 1379 1881; x_wconf 87' lang='lat' dir='ltr'>C</span> <span class='ocrx_word' id='word_1_118' title='bbox 1421 1836 1613 1880; x_wconf 72' lang='lat' dir='ltr'><strong>marc.</strong></span> <span class='ocrx_word' id='word_1_119' title='bbox 1659 1837 1792 1898; x_wconf 82' lang='lat' dir='ltr'><strong>arg.</strong></span> <span class='ocrx_word' id='word_1_120' title='bbox 1833 1818 2070 1897; x_wconf 81' lang='lat' dir='ltr'><strong>Accepi</strong></span> <span class='ocrx_word' id='word_1_121' title='bbox 2111 1837 2227 1896; x_wconf 91' lang='lat' dir='ltr'><strong>pro</strong></span> <span class='ocrx_word' id='word_1_122' title='bbox 2268 1819 2670 1879; x_wconf 76' lang='lat' dir='ltr'><strong>concessione</strong></span> <span class='ocrx_word' id='word_1_123' title='bbox 2724 1816 3196 1896; x_wconf 77' lang='lat' dir='ltr'><strong>infrascriptam</strong></span> <span class='ocrx_word' id='word_1_124' title='bbox 3242 1818 3604 1896; x_wconf 87' lang='lat' dir='ltr'><strong>promissio-</strong></span> 
     </span>
     <span class='ocr_line' id='line_1_16' title="bbox 1144 1912 3601 1994; baseline -0.002 -15"><span class='ocrx_word' id='word_1_125' title='bbox 1144 1936 1312 1979; x_wconf 85' lang='lat' dir='ltr'><strong>nem.</strong></span> <span class='ocrx_word' id='word_1_126' title='bbox 1395 1917 1537 1978; x_wconf 87' lang='lat' dir='ltr'><strong>Act.</strong></span> <span class='ocrx_word' id='word_1_127' title='bbox 1581 1912 1759 1977; x_wconf 87' lang='lat' dir='ltr'><strong>Vult.</strong></span> <span class='ocrx_word' id='word_1_128' title='bbox 1790 1916 1857 1976; x_wconf 93' lang='lat' dir='ltr'><strong>in</strong></span> <span class='ocrx_word' id='word_1_129' title='bbox 1883 1914 2081 1977; x_wconf 87' lang='lat' dir='ltr'><strong>domo</strong></span> <span class='ocrx_word' id='word_1_130' title='bbox 2120 1914 2563 1977; x_wconf 86' lang='lat' dir='ltr'><strong>Ildebrandini</strong></span> <span class='ocrx_word' id='word_1_131' title='bbox 2605 1914 2987 1994; x_wconf 85' lang='lat' dir='ltr'><strong>Garganelli.</strong></span> <span class='ocrx_word' id='word_1_132' title='bbox 3077 1915 3481 1977; x_wconf 82' lang='lat' dir='ltr'><strong>Bonaiuncta</strong></span> <span class='ocrx_word' id='word_1_133' title='bbox 3509 1919 3601 1976; x_wconf 91' lang='lat' dir='ltr'><strong>iu-</strong></span> 
     </span>
     <span class='ocr_line' id='line_1_17' title="bbox 1142 2010 3604 2093; baseline -0.002 -17"><span class='ocrx_word' id='word_1_134' title='bbox 1142 2015 1283 2076; x_wconf 85' lang='lat' dir='ltr'><strong>dice</strong></span> <span class='ocrx_word' id='word_1_135' title='bbox 1325 2014 1407 2075; x_wconf 87' lang='lat' dir='ltr'><strong>de</strong></span> <span class='ocrx_word' id='word_1_136' title='bbox 1447 2012 1624 2075; x_wconf 90' lang='lat' dir='ltr'><strong>Vico.</strong></span> <span class='ocrx_word' id='word_1_137' title='bbox 1654 2010 1934 2093; x_wconf 78' lang='lat' dir='ltr'><strong>Ugolino</strong></span> <span class='ocrx_word' id='word_1_138' title='bbox 1958 2012 2042 2074; x_wconf 87' lang='lat' dir='ltr'><strong>de</strong></span> <span class='ocrx_word' id='word_1_139' title='bbox 2070 2011 2282 2074; x_wconf 83' lang='lat' dir='ltr'><strong>Petra.</strong></span> <span class='ocrx_word' id='word_1_140' title='bbox 2314 2011 2507 2074; x_wconf 81' lang='lat' dir='ltr'><strong>Gullo</strong></span> <span class='ocrx_word' id='word_1_141' title='bbox 2534 2012 2636 2091; x_wconf 88' lang='lat' dir='ltr'><strong>qd.</strong></span> <span class='ocrx_word' id='word_1_142' title='bbox 2669 2010 2929 2072; x_wconf 85' lang='lat' dir='ltr'><strong>Faville.</strong></span> <span class='ocrx_word' id='word_1_143' title='bbox 2961 2010 3290 2073; x_wconf 87' lang='lat' dir='ltr'><strong>Lanberto</strong></span> <span class='ocrx_word' id='word_1_144' title='bbox 3315 2014 3396 2074; x_wconf 89' lang='lat' dir='ltr'><strong>de</strong></span> <span class='ocrx_word' id='word_1_145' title='bbox 3423 2012 3604 2073; x_wconf 77' lang='lat' dir='ltr'><strong>Mon·</strong></span> 
     </span>
     <span class='ocr_line' id='line_1_18' title="bbox 1144 2107 3608 2190; baseline 0 -17"><span class='ocrx_word' id='word_1_146' title='bbox 1144 2112 1481 2190; x_wconf 73' lang='lat' dir='ltr'><strong>tetignoso.</strong></span> <span class='ocrx_word' id='word_1_147' title='bbox 1524 2109 1731 2172; x_wconf 90' lang='lat' dir='ltr'><strong>Ivone</strong></span> <span class='ocrx_word' id='word_1_148' title='bbox 1757 2109 2042 2188; x_wconf 86' lang='lat' dir='ltr'><strong>Sperani.</strong></span> <span class='ocrx_word' id='word_1_149' title='bbox 2073 2107 2534 2171; x_wconf 86' lang='lat' dir='ltr'><strong>Ildebrandino</strong></span> <span class='ocrx_word' id='word_1_150' title='bbox 2560 2115 2626 2169; x_wconf 89' lang='lat' dir='ltr'><strong>et</strong></span> <span class='ocrx_word' id='word_1_151' title='bbox 2655 2107 3008 2170; x_wconf 85' lang='lat' dir='ltr'><strong>Guiscardo</strong></span> <span class='ocrx_word' id='word_1_152' title='bbox 3035 2110 3146 2187; x_wconf 90' lang='lat' dir='ltr'><strong>qd.</strong></span> <span class='ocrx_word' id='word_1_153' title='bbox 3176 2108 3350 2171; x_wconf 84' lang='lat' dir='ltr'><strong>Bari.</strong></span> <span class='ocrx_word' id='word_1_154' title='bbox 3391 2108 3608 2172; x_wconf 83' lang='lat' dir='ltr'><strong>Guido</strong></span> 
     </span>
     <span class='ocr_line' id='line_1_19' title="bbox 1144 2205 3612 2271; baseline -0.001 0"><span class='ocrx_word' id='word_1_155' title='bbox 1144 2211 1227 2271; x_wconf 88' lang='lat' dir='ltr'><strong>de</strong></span> <span class='ocrx_word' id='word_1_156' title='bbox 1280 2208 1613 2270; x_wconf 82' lang='lat' dir='ltr'><strong>Micciano.</strong></span> <span class='ocrx_word' id='word_1_157' title='bbox 1660 2208 1935 2269; x_wconf 79' lang='lat' dir='ltr'><strong>Dainese</strong></span> <span class='ocrx_word' id='word_1_158' title='bbox 1988 2208 2071 2268; x_wconf 88' lang='lat' dir='ltr'><strong>de</strong></span> <span class='ocrx_word' id='word_1_159' title='bbox 2125 2207 2333 2269; x_wconf 78' lang='lat' dir='ltr'><strong>Sassa.</strong></span> <span class='ocrx_word' id='word_1_160' title='bbox 2392 2205 2709 2268; x_wconf 89' lang='lat' dir='ltr'><strong>Bonofilio</strong></span> <span class='ocrx_word' id='word_1_161' title='bbox 2761 2205 3087 2268; x_wconf 86' lang='lat' dir='ltr'><strong>Tedeschi.</strong></span> <span class='ocrx_word' id='word_1_162' title='bbox 3145 2207 3612 2269; x_wconf 82' lang='lat' dir='ltr'><strong>Ildebrandino</strong></span> 
     </span>
     <span class='ocr_line' id='line_1_20' title="bbox 1148 2303 3612 2368; baseline -0.001 0"><span class='ocrx_word' id='word_1_163' title='bbox 1148 2307 1600 2368; x_wconf 86' lang='lat' dir='ltr'><strong>Preitemanni.</strong></span> <span class='ocrx_word' id='word_1_164' title='bbox 1656 2303 2081 2367; x_wconf 83' lang='lat' dir='ltr'><strong>Gualtarocto</strong></span> <span class='ocrx_word' id='word_1_165' title='bbox 2135 2305 2398 2366; x_wconf 86' lang='lat' dir='ltr'><strong>Mathei.</strong></span> <span class='ocrx_word' id='word_1_166' title='bbox 2457 2304 2739 2367; x_wconf 80' lang='lat' dir='ltr'><strong>Belforte</strong></span> <span class='ocrx_word' id='word_1_167' title='bbox 2793 2303 3246 2367; x_wconf 85' lang='lat' dir='ltr'><strong>Bonafidanze.</strong></span> <span class='ocrx_word' id='word_1_168' title='bbox 3313 2305 3612 2367; x_wconf 73' lang='lat' dir='ltr'><strong>Bonavis</strong></span> 
     </span>
     <span class='ocr_line' id='line_1_21' title="bbox 1148 2401 3605 2485; baseline 0 -20"><span class='ocrx_word' id='word_1_169' title='bbox 1148 2404 1449 2467; x_wconf 84' lang='lat' dir='ltr'><strong>Bandini.</strong></span> <span class='ocrx_word' id='word_1_170' title='bbox 1495 2405 1734 2485; x_wconf 76' lang='lat' dir='ltr'><strong>Sigerio</strong></span> <span class='ocrx_word' id='word_1_171' title='bbox 1775 2403 2053 2481; x_wconf 88' lang='lat' dir='ltr'><strong>Ugolini.</strong></span> <span class='ocrx_word' id='word_1_172' title='bbox 2099 2402 2508 2483; x_wconf 80' lang='lat' dir='ltr'><strong>Boninsegna</strong></span> <span class='ocrx_word' id='word_1_173' title='bbox 2548 2410 2680 2463; x_wconf 88' lang='lat' dir='ltr'><strong>not.</strong></span> <span class='ocrx_word' id='word_1_174' title='bbox 2727 2401 3043 2463; x_wconf 78' lang='lat' dir='ltr'><strong>Palmerio</strong></span> <span class='ocrx_word' id='word_1_175' title='bbox 3083 2402 3482 2467; x_wconf 83' lang='lat' dir='ltr'><strong>Bonestrade</strong></span> <span class='ocrx_word' id='word_1_176' title='bbox 3525 2413 3605 2466; x_wconf 82' lang='lat' dir='ltr'><strong>t-t.</strong></span> 
     </span>
     <span class='ocr_line' id='line_1_22' title="bbox 1148 2498 3599 2583; baseline -0 -19"><span class='ocrx_word' id='word_1_177' title='bbox 1148 2502 1254 2564; x_wconf 91' lang='lat'><strong>111</strong></span> <span class='ocrx_word' id='word_1_178' title='bbox 1298 2502 1421 2563; x_wconf 81' lang='lat' dir='ltr'><strong>kal.</strong></span> <span class='ocrx_word' id='word_1_179' title='bbox 1467 2508 1625 2579; x_wconf 88' lang='lat' dir='ltr'><strong>sept.</strong></span> <span class='ocrx_word' id='word_1_180' title='bbox 1712 2500 1916 2581; x_wconf 87' lang='lat' dir='ltr'><strong>presb.</strong></span> <span class='ocrx_word' id='word_1_181' title='bbox 1962 2499 2255 2572; x_wconf 81' lang='lat' dir='ltr'><strong>Michael,</strong></span> <span class='ocrx_word' id='word_1_182' title='bbox 2300 2500 2690 2560; x_wconf 82' lang='lat' dir='ltr'><strong>Benedictus</strong></span> <span class='ocrx_word' id='word_1_183' title='bbox 2745 2498 3031 2561; x_wconf 86' lang='lat' dir='ltr'><strong>subdiac.</strong></span> <span class='ocrx_word' id='word_1_184' title='bbox 3077 2503 3349 2574; x_wconf 84' lang='lat' dir='ltr'><strong>monaci,</strong></span> <span class='ocrx_word' id='word_1_185' title='bbox 3396 2503 3599 2583; x_wconf 69' lang='lat' dir='ltr'><strong>presb.</strong></span> 
     </span>
     <span class='ocr_line' id='line_1_23' title="bbox 1152 2596 3606 2680; baseline 0 -19"><span class='ocrx_word' id='word_1_186' title='bbox 1152 2600 1298 2680; x_wconf 83' lang='lat' dir='ltr'><strong>Ugo</strong></span> <span class='ocrx_word' id='word_1_187' title='bbox 1338 2599 1750 2679; x_wconf 74' lang='lat' dir='ltr'><strong>cappellanus</strong></span> <span class='ocrx_word' id='word_1_188' title='bbox 1791 2596 2075 2677; x_wconf 82' lang='lat' dir='ltr'><strong>cappelle</strong></span> <span class='ocrx_word' id='word_1_189' title='bbox 2116 2600 2198 2659; x_wconf 88' lang='lat' dir='ltr'><strong>de</strong></span> <span class='ocrx_word' id='word_1_190' title='bbox 2237 2598 2664 2658; x_wconf 79' lang='lat' dir='ltr'><strong>Monteviride</strong></span> <span class='ocrx_word' id='word_1_191' title='bbox 2711 2604 2780 2659; x_wconf 87' lang='lat' dir='ltr'><strong>et</strong></span> <span class='ocrx_word' id='word_1_192' title='bbox 2832 2617 2970 2659; x_wconf 88' lang='lat' dir='ltr'><strong>can.</strong></span> <span class='ocrx_word' id='word_1_193' title='bbox 3025 2602 3393 2661; x_wconf 86' lang='lat' dir='ltr'><strong>monasterii</strong></span> <span class='ocrx_word' id='word_1_194' title='bbox 3448 2600 3606 2661; x_wconf 88' lang='lat' dir='ltr'><strong>Leo·</strong></span> 
     </span>
     <span class='ocr_line' id='line_1_24' title="bbox 1152 2696 3607 2777; baseline -0.001 -19"><span class='ocrx_word' id='word_1_195' title='bbox 1152 2699 1354 2758; x_wconf 88' lang='lat' dir='ltr'><strong>nardo</strong></span> <span class='ocrx_word' id='word_1_196' title='bbox 1376 2698 1707 2777; x_wconf 86' lang='lat' dir='ltr'><strong>recipienti</strong></span> <span class='ocrx_word' id='word_1_197' title='bbox 1727 2705 2204 2758; x_wconf 86' lang='lat' dir='ltr'><strong>consenserunt.</strong></span> <span class='ocrx_word' id='word_1_198' title='bbox 2279 2696 2421 2757; x_wconf 88' lang='lat' dir='ltr'><strong>Act.</strong></span> <span class='ocrx_word' id='word_1_199' title='bbox 2467 2698 2533 2756; x_wconf 86' lang='grc'><strong>111</strong></span> <span class='ocrx_word' id='word_1_200' title='bbox 2560 2696 2939 2756; x_wconf 84' lang='lat' dir='ltr'><strong>dormitorio</strong></span> <span class='ocrx_word' id='word_1_201' title='bbox 2959 2716 3129 2757; x_wconf 90' lang='lat' dir='ltr'><strong>mon.</strong></span> <span class='ocrx_word' id='word_1_202' title='bbox 3199 2696 3410 2759; x_wconf 89' lang='lat' dir='ltr'><strong>Gullo.</strong></span> <span class='ocrx_word' id='word_1_203' title='bbox 3456 2697 3607 2758; x_wconf 85' lang='lat' dir='ltr'><strong>Dai-</strong></span> 
     </span>
     <span class='ocr_line' id='line_1_25' title="bbox 1153 2793 3610 2876; baseline 0 -19"><span class='ocrx_word' id='word_1_204' title='bbox 1153 2816 1315 2859; x_wconf 88' lang='lat' dir='ltr'><strong>nese.</strong></span> <span class='ocrx_word' id='word_1_205' title='bbox 1361 2797 1600 2875; x_wconf 82' lang='lat' dir='ltr'><strong>Sigerio</strong></span> <span class='ocrx_word' id='word_1_206' title='bbox 1644 2793 1917 2876; x_wconf 86' lang='lat' dir='ltr'><strong>Ugolini.</strong></span> <span class='ocrx_word' id='word_1_207' title='bbox 1960 2794 2354 2857; x_wconf 81' lang='lat' dir='ltr'><strong>Bontalento</strong></span> <span class='ocrx_word' id='word_1_208' title='bbox 2393 2795 2583 2857; x_wconf 87' lang='lat' dir='ltr'><strong>Cenci</strong></span> <span class='ocrx_word' id='word_1_209' title='bbox 2613 2801 2691 2856; x_wconf 86' lang='lat' dir='ltr'><strong>tt.</strong></span> <span class='ocrx_word' id='word_1_210' title='bbox 2775 2794 2908 2856; x_wconf 85' lang='lat' dir='ltr'><strong>Nos</strong></span> <span class='ocrx_word' id='word_1_211' title='bbox 2937 2793 3310 2859; x_wconf 87' lang='lat' dir='ltr'><strong>Leonardus</strong></span> <span class='ocrx_word' id='word_1_212' title='bbox 3342 2796 3510 2858; x_wconf 84' lang='lat' dir='ltr'><strong>Gulli</strong></span> <span class='ocrx_word' id='word_1_213' title='bbox 3541 2803 3610 2858; x_wconf 90' lang='lat' dir='ltr'><strong>et</strong></span> 
     </span>
     <span class='ocr_line' id='line_1_26' title="bbox 1155 2892 3616 2974; baseline -0 -17"><span class='ocrx_word' id='word_1_214' title='bbox 1155 2894 1429 2974; x_wconf 80' lang='lat' dir='ltr'><strong>Sigerius</strong></span> <span class='ocrx_word' id='word_1_215' title='bbox 1471 2894 1765 2955; x_wconf 84' lang='lat' dir='ltr'><strong>Guzolini</strong></span> <span class='ocrx_word' id='word_1_216' title='bbox 1808 2911 1925 2972; x_wconf 91' lang='lat' dir='ltr'><strong>pro</strong></span> <span class='ocrx_word' id='word_1_217' title='bbox 1968 2892 2150 2953; x_wconf 88' lang='lat' dir='ltr'><strong>nobis</strong></span> <span class='ocrx_word' id='word_1_218' title='bbox 2194 2903 2254 2954; x_wconf 88' lang='lat' dir='ltr'><strong>et</strong></span> <span class='ocrx_word' id='word_1_219' title='bbox 2289 2892 2690 2955; x_wconf 84' lang='lat' dir='ltr'><strong>Bonaccorso</strong></span> <span class='ocrx_word' id='word_1_220' title='bbox 2719 2892 3067 2954; x_wconf 84' lang='lat' dir='ltr'><strong>Rolandini</strong></span> <span class='ocrx_word' id='word_1_221' title='bbox 3093 2893 3319 2956; x_wconf 84' lang='lat' dir='ltr'><strong>habito</strong></span> <span class='ocrx_word' id='word_1_222' title='bbox 3347 2895 3616 2956; x_wconf 84' lang='lat' dir='ltr'><strong>consilio</strong></span> 
     </span>
     <span class='ocr_line' id='line_1_27' title="bbox 1154 2990 3614 3070; baseline -0 -16"><span class='ocrx_word' id='word_1_223' title='bbox 1154 3012 1194 3054; x_wconf 81' lang='lat' dir='ltr'><strong>a</strong></span> <span class='ocrx_word' id='word_1_224' title='bbox 1236 2992 1420 3054; x_wconf 85' lang='lat' dir='ltr'><strong>bonis</strong></span> <span class='ocrx_word' id='word_1_225' title='bbox 1461 2990 1828 3053; x_wconf 86' lang='lat' dir='ltr'><strong>hominibus</strong></span> <span class='ocrx_word' id='word_1_226' title='bbox 1869 2992 2307 3070; x_wconf 79' lang='lat' dir='ltr'><strong>promittimus</strong></span> <span class='ocrx_word' id='word_1_227' title='bbox 2363 2990 2480 3051; x_wconf 81' lang='lat' dir='ltr'><strong>tibi</strong></span> <span class='ocrx_word' id='word_1_228' title='bbox 2541 2991 2842 3051; x_wconf 84' lang='lat' dir='ltr'><strong>Rainerio</strong></span> <span class='ocrx_word' id='word_1_229' title='bbox 2895 2990 3042 3051; x_wconf 84' lang='lat' dir='ltr'><strong>abb.</strong></span> <span class='ocrx_word' id='word_1_230' title='bbox 3098 2992 3348 3052; x_wconf 85' lang='lat' dir='ltr'><strong>salvare</strong></span> <span class='ocrx_word' id='word_1_231' title='bbox 3400 2992 3614 3053; x_wconf 85' lang='lat' dir='ltr'><strong>dictas</strong></span> 
     </span>
     <span class='ocr_line' id='line_1_28' title="bbox 1156 3088 3609 3169; baseline -0.001 -17"><span class='ocrx_word' id='word_1_232' title='bbox 1156 3098 1378 3163; x_wconf 81' lang='lat' dir='ltr'><strong>terras,</strong></span> <span class='ocrx_word' id='word_1_233' title='bbox 1408 3110 1538 3151; x_wconf 90' lang='lat' dir='ltr'><strong>non</strong></span> <span class='ocrx_word' id='word_1_234' title='bbox 1581 3090 1801 3151; x_wconf 88' lang='lat' dir='ltr'><strong>tollere</strong></span> <span class='ocrx_word' id='word_1_235' title='bbox 1841 3094 2172 3150; x_wconf 83' lang='lat' dir='ltr'><strong>accattum</strong></span> <span class='ocrx_word' id='word_1_236' title='bbox 2202 3088 2300 3148; x_wconf 84' lang='lat' dir='ltr'><strong>vel</strong></span> <span class='ocrx_word' id='word_1_237' title='bbox 2330 3088 2603 3159; x_wconf 85' lang='lat' dir='ltr'><strong>datium,</strong></span> <span class='ocrx_word' id='word_1_238' title='bbox 2647 3089 2769 3148; x_wconf 73' lang='lat' dir='ltr'><strong>nisi</strong></span> <span class='ocrx_word' id='word_1_239' title='bbox 2809 3089 3072 3168; x_wconf 88' lang='lat' dir='ltr'><strong>quando</strong></span> <span class='ocrx_word' id='word_1_240' title='bbox 3105 3090 3337 3150; x_wconf 85' lang='lat' dir='ltr'><strong>civitas</strong></span> <span class='ocrx_word' id='word_1_241' title='bbox 3363 3108 3479 3169; x_wconf 90' lang='lat' dir='ltr'><strong>pro</strong></span> <span class='ocrx_word' id='word_1_242' title='bbox 3506 3109 3609 3150; x_wconf 84' lang='lat' dir='ltr'><strong>co-</strong></span> 
     </span>
     <span class='ocr_line' id='line_1_29' title="bbox 1158 3186 3616 3267; baseline -0 -17"><span class='ocrx_word' id='word_1_243' title='bbox 1158 3191 1335 3250; x_wconf 86' lang='lat' dir='ltr'><strong>muni</strong></span> <span class='ocrx_word' id='word_1_244' title='bbox 1363 3189 1615 3249; x_wconf 83' lang='lat' dir='ltr'><strong>datium</strong></span> <span class='ocrx_word' id='word_1_245' title='bbox 1649 3187 1901 3260; x_wconf 80' lang='lat' dir='ltr'><strong>fecerit;</strong></span> <span class='ocrx_word' id='word_1_246' title='bbox 1930 3187 2222 3265; x_wconf 88' lang='lat' dir='ltr'><strong>predicta</strong></span> <span class='ocrx_word' id='word_1_247' title='bbox 2248 3187 2329 3247; x_wconf 87' lang='lat' dir='ltr'><strong>de</strong></span> <span class='ocrx_word' id='word_1_248' title='bbox 2368 3187 2727 3247; x_wconf 83' lang='lat' dir='ltr'><strong>constit-uto</strong></span> <span class='ocrx_word' id='word_1_249' title='bbox 2768 3206 2894 3247; x_wconf 90' lang='lat' dir='ltr'><strong>non</strong></span> <span class='ocrx_word' id='word_1_250' title='bbox 2938 3186 3348 3259; x_wconf 82' lang='lat' dir='ltr'><strong>auferantur3</strong></span> <span class='ocrx_word' id='word_1_251' title='bbox 3389 3207 3531 3267; x_wconf 90' lang='lat' dir='ltr'><strong>pen.</strong></span> <span class='ocrx_word' id='word_1_252' title='bbox 3561 3186 3616 3249; x_wconf 79' lang='lat' dir='ltr'>O</span> 
     </span>
     <span class='ocr_line' id='line_1_30' title="bbox 1156 3283 3616 3365; baseline -0.001 -18"><span class='ocrx_word' id='word_1_253' title='bbox 1156 3304 1346 3347; x_wconf 86' lang='lat' dir='ltr'><strong>marc.</strong></span> <span class='ocrx_word' id='word_1_254' title='bbox 1379 3305 1507 3365; x_wconf 85' lang='lat' dir='ltr'><strong>arg.</strong></span> <span class='ocrx_word' id='word_1_255' title='bbox 1596 3285 1734 3346; x_wconf 89' lang='lat' dir='ltr'><strong>Act.</strong></span> <span class='ocrx_word' id='word_1_256' title='bbox 1772 3284 1945 3344; x_wconf 87' lang='lat' dir='ltr'><strong>Vult.</strong></span> <span class='ocrx_word' id='word_1_257' title='bbox 2030 3285 2133 3344; x_wconf 84' lang='lat' dir='ltr'><strong>die</strong></span> <span class='ocrx_word' id='word_1_258' title='bbox 2163 3290 2231 3344; x_wconf 85' lang='lat' dir='ltr'><strong>et</strong></span> <span class='ocrx_word' id='word_1_259' title='bbox 2258 3288 2416 3356; x_wconf 79' lang='lat' dir='ltr'><strong>loco,</strong></span> <span class='ocrx_word' id='word_1_260' title='bbox 2448 3283 2682 3361; x_wconf 87' lang='lat' dir='ltr'><strong>quibus</strong></span> <span class='ocrx_word' id='word_1_261' title='bbox 2710 3283 2912 3344; x_wconf 84' lang='lat' dir='ltr'><strong>abbas</strong></span> <span class='ocrx_word' id='word_1_262' title='bbox 2939 3283 3095 3343; x_wconf 81' lang='lat' dir='ltr'><strong>fecit</strong></span> <span class='ocrx_word' id='word_1_263' title='bbox 3119 3286 3616 3357; x_wconf 81' lang='lat' dir='ltr'><strong>concessionem,</strong></span> 
     </span>
     <span class='ocr_line' id='line_1_31' title="bbox 1157 3384 1516 3446; baseline -0.011 0"><span class='ocrx_word' id='word_1_264' title='bbox 1157 3384 1393 3446; x_wconf 86' lang='lat' dir='ltr'><strong>eisdem</strong></span> <span class='ocrx_word' id='word_1_265' title='bbox 1438 3391 1516 3443; x_wconf 89' lang='lat' dir='ltr'><strong>tt.</strong></span> 
     </span>
    </p>

    <p class='ocr_par' dir='ltr' id='par_1_6' title="bbox 1480 3478 3209 3556">
     <span class='ocr_line' id='line_1_32' title="bbox 1480 3478 3209 3556; baseline -0.002 -15"><span class='ocrx_word' id='word_1_266' title='bbox 1480 3482 1737 3541; x_wconf 76' lang='lat' dir='ltr'><strong>Florenz</strong></span> <span class='ocrx_word' id='word_1_267' title='bbox 1780 3480 1929 3540; x_wconf 72' lang='lat' dir='ltr'><strong>Ast.</strong></span> <span class='ocrx_word' id='word_1_268' title='bbox 1980 3480 2167 3553; x_wconf 82' lang='lat' dir='ltr'><strong>(Volt.</strong></span> <span class='ocrx_word' id='word_1_269' title='bbox 2215 3479 2376 3540; x_wconf 87' lang='grc'>1208</span> <span class='ocrx_word' id='word_1_270' title='bbox 2424 3478 2598 3541; x_wconf 85' lang='lat' dir='ltr'><em>VIII</em></span> <span class='ocrx_word' id='word_1_271' title='bbox 2644 3479 2744 3549; x_wconf 85' lang='grc'><strong>28,</strong></span> <span class='ocrx_word' id='word_1_272' title='bbox 2787 3500 2845 3539; x_wconf 79' lang='lat' dir='ltr'><strong>u.</strong></span> <span class='ocrx_word' id='word_1_273' title='bbox 2892 3478 2996 3553; x_wconf 83' lang='lat'><strong>95)</strong></span> <span class='ocrx_word' id='word_1_274' title='bbox 3040 3479 3209 3556; x_wconf 73' lang='lat' dir='ltr'><strong>Oriq.</strong></span> 
     </span>
    </p>
   </div>
   <div class='ocr_carea' id='block_1_5' title="bbox 1159 3629 3616 3808">
    <p class='ocr_par' dir='ltr' id='par_1_7' title="bbox 1159 3629 3616 3808">
     <span class='ocr_line' id='line_1_33' title="bbox 1159 3629 3616 3708; baseline -0.001 -13"><span class='ocrx_word' id='word_1_275' title='bbox 1159 3636 1295 3695; x_wconf 83' lang='lat'><strong>289.</strong></span> <span class='ocrx_word' id='word_1_276' title='bbox 2318 3629 2474 3703; x_wconf 81' lang='lat' dir='ltr'><strong>(San</strong></span> <span class='ocrx_word' id='word_1_277' title='bbox 2521 3630 2947 3708; x_wconf 74' lang='lat' dir='ltr'><strong>Gimiqnano),</strong></span> <span class='ocrx_word' id='word_1_278' title='bbox 2991 3630 3031 3690; x_wconf 88' lang='lat'><em>8</em></span> <span class='ocrx_word' id='word_1_279' title='bbox 3069 3630 3393 3692; x_wconf 76' lang='lat' dir='ltr'><strong>Dezember</strong></span> <span class='ocrx_word' id='word_1_280' title='bbox 3433 3630 3616 3693; x_wconf 87' lang='grc'>1208.</span> 
     </span>
     <span class='ocr_line' id='line_1_34' title="bbox 1284 3726 3612 3808; baseline -0.002 -16"><span class='ocrx_word' id='word_1_281' title='bbox 1284 3731 1383 3793; x_wconf 85' lang='lat' dir='ltr'><strong>Ad</strong></span> <span class='ocrx_word' id='word_1_282' title='bbox 1426 3730 1731 3792; x_wconf 69' lang='lat' dir='ltr'><strong>honorem</strong></span> <span class='ocrx_word' id='word_1_283' title='bbox 1774 3750 1817 3789; x_wconf 83' lang='lat'><strong>8.</strong></span> <span class='ocrx_word' id='word_1_284' title='bbox 1864 3728 2248 3799; x_wconf 82' lang='lat' dir='ltr'><strong>Geminiani,</strong></span> <span class='ocrx_word' id='word_1_285' title='bbox 2291 3747 2336 3788; x_wconf 91' lang='lat' dir='ltr'><strong>s.</strong></span> <span class='ocrx_word' id='word_1_286' title='bbox 2383 3728 2580 3788; x_wconf 85' lang='lat' dir='ltr'><strong>Marie</strong></span> <span class='ocrx_word' id='word_1_287' title='bbox 2621 3728 2702 3788; x_wconf 89' lang='lat' dir='ltr'><strong>de</strong></span> <span class='ocrx_word' id='word_1_288' title='bbox 2742 3728 2917 3788; x_wconf 88' lang='lat' dir='ltr'><strong>Vult.</strong></span> <span class='ocrx_word' id='word_1_289' title='bbox 2968 3734 3035 3788; x_wconf 86' lang='lat' dir='ltr'><strong>et</strong></span> <span class='ocrx_word' id='word_1_290' title='bbox 3089 3726 3461 3789; x_wconf 79' lang='lat' dir='ltr'><strong>Ildebrnndi</strong></span> <span class='ocrx_word' id='word_1_291' title='bbox 3514 3748 3612 3808; x_wconf 75' lang='lat' dir='ltr'><strong>ep.</strong></span> 
     </span>
    </p>
   </div>
   <div class='ocr_carea' id='block_1_6' title="bbox 1162 3825 3620 4101">
    <p class='ocr_par' dir='ltr' id='par_1_8' title="bbox 1162 3825 3620 4101">
     <span class='ocr_line' id='line_1_35' title="bbox 1162 3825 3620 3906; baseline -0.001 -17"><span class='ocrx_word' id='word_1_292' title='bbox 1162 3828 1608 3906; x_wconf 85' lang='lat' dir='ltr'><strong>Gregorius</strong></span> <span class='ocrx_word' id='word_1_293' title='bbox 1651 3831 2032 3905; x_wconf 81' lang='lat' dir='ltr'><strong>potestas</strong></span> <span class='ocrx_word' id='word_1_294' title='bbox 2090 3826 2147 3888; x_wconf 84' lang='lat' dir='ltr'>S</span> <span class='ocrx_word' id='word_1_295' title='bbox 2194 3825 2414 3886; x_wconf 88' lang='lat' dir='ltr'><strong>Gemi</strong></span> <span class='ocrx_word' id='word_1_296' title='bbox 2438 3826 2664 3887; x_wconf 89' lang='lat' dir='ltr'><strong>niani</strong></span> <span class='ocrx_word' id='word_1_297' title='bbox 2705 3845 2852 3886; x_wconf 88' lang='lat' dir='ltr'><strong>cum</strong></span> <span class='ocrx_word' id='word_1_298' title='bbox 2904 3826 3270 3887; x_wconf 86' lang='lat' dir='ltr'><strong>Bonacorso</strong></span> <span class='ocrx_word' id='word_1_299' title='bbox 3310 3825 3415 3904; x_wconf 89' lang='lat' dir='ltr'><strong>qd</strong></span> <span class='ocrx_word' id='word_1_300' title='bbox 3459 3826 3620 3887; x_wconf 85' lang='lat' dir='ltr'><strong>Lot-</strong></span> 
     </span>
     <span class='ocr_line' id='line_1_36' title="bbox 1162 3922 3620 4003; baseline -0.002 -13"><span class='ocrx_word' id='word_1_301' title='bbox 1162 3927 1330 3997; x_wconf 78' lang='lat' dir='ltr'><strong>tarii,</strong></span> <span class='ocrx_word' id='word_1_302' title='bbox 1374 3926 1657 4003; x_wconf 82' lang='lat' dir='ltr'><strong>Henrigo</strong></span> <span class='ocrx_word' id='word_1_303' title='bbox 1685 3922 2051 3995; x_wconf 77' lang='lat' dir='ltr'><strong>Cristofani,</strong></span> <span class='ocrx_word' id='word_1_304' title='bbox 2083 3923 2430 4003; x_wconf 79' lang='lat' dir='ltr'><strong>Henrigolo</strong></span> <span class='ocrx_word' id='word_1_305' title='bbox 2461 3922 2785 3995; x_wconf 83' lang='lat' dir='ltr'><strong>Adalardi‚</strong></span> <span class='ocrx_word' id='word_1_306' title='bbox 2819 3923 3182 3985; x_wconf 83' lang='lat' dir='ltr'><strong>Bonacorso</strong></span> <span class='ocrx_word' id='word_1_307' title='bbox 3210 3923 3620 3997; x_wconf 78' lang='lat' dir='ltr'><strong>Gerarducci,</strong></span> 
     </span>
     <span class='ocr_line' id='line_1_37' title="bbox 1164 4021 3618 4101; baseline 0 -14"><span class='ocrx_word' id='word_1_308' title='bbox 1164 4025 1448 4089; x_wconf 84' lang='lat' dir='ltr'><strong>Fidanza</strong></span> <span class='ocrx_word' id='word_1_309' title='bbox 1487 4022 1833 4084; x_wconf 78' lang='lat' dir='ltr'><strong>Guerzonis</strong></span> <span class='ocrx_word' id='word_1_310' title='bbox 1876 4021 2034 4083; x_wconf 85' lang='lat' dir='ltr'><strong>meis</strong></span> <span class='ocrx_word' id='word_1_311' title='bbox 2074 4022 2445 4085; x_wconf 85' lang='lat' dir='ltr'><strong>consiliariis</strong></span> <span class='ocrx_word' id='word_1_312' title='bbox 2475 4024 2776 4095; x_wconf 86' lang='lat' dir='ltr'><strong>iuramus,</strong></span> <span class='ocrx_word' id='word_1_313' title='bbox 2808 4022 2984 4101; x_wconf 90' lang='lat' dir='ltr'><strong>quod</strong></span> <span class='ocrx_word' id='word_1_314' title='bbox 3010 4042 3341 4096; x_wconf 80' lang='lat' dir='ltr'><strong>canevam,</strong></span> <span class='ocrx_word' id='word_1_315' title='bbox 3372 4030 3618 4087; x_wconf 83' lang='lat' dir='ltr'><strong>turrem</strong></span> 
     </span>
    </p>
   </div>
   <div class='ocr_carea' id='block_1_7' title="bbox 1163 4118 3624 4389">
    <p class='ocr_par' dir='ltr' id='par_1_9' title="bbox 1163 4118 3624 4389">
     <span class='ocr_line' id='line_1_38' title="bbox 1163 4118 3624 4201; baseline -0.001 -16"><span class='ocrx_word' id='word_1_316' title='bbox 1163 4130 1232 4185; x_wconf 90' lang='lat' dir='ltr'><strong>et</strong></span> <span class='ocrx_word' id='word_1_317' title='bbox 1274 4121 1606 4201; x_wconf 85' lang='lat' dir='ltr'><strong>palatium,</strong></span> <span class='ocrx_word' id='word_1_318' title='bbox 1651 4138 1777 4197; x_wconf 88' lang='lat' dir='ltr'><strong>que</strong></span> <span class='ocrx_word' id='word_1_319' title='bbox 1819 4119 2031 4179; x_wconf 88' lang='lat' dir='ltr'><strong>Guido</strong></span> <span class='ocrx_word' id='word_1_320' title='bbox 2086 4128 2152 4179; x_wconf 89' lang='lat' dir='ltr'><strong>et</strong></span> <span class='ocrx_word' id='word_1_321' title='bbox 2209 4119 2450 4197; x_wconf 72' lang='lat' dir='ltr'><strong>Useppi</strong></span> <span class='ocrx_word' id='word_1_322' title='bbox 2505 4126 2571 4178; x_wconf 84' lang='lat' dir='ltr'><strong>et</strong></span> <span class='ocrx_word' id='word_1_323' title='bbox 2627 4118 3150 4181; x_wconf 84' lang='lat' dir='ltr'><strong>Lambertuccius</strong></span> <span class='ocrx_word' id='word_1_324' title='bbox 3204 4119 3466 4194; x_wconf 84' lang='lat' dir='ltr'><strong>habent,</strong></span> <span class='ocrx_word' id='word_1_325' title='bbox 3509 4140 3624 4183; x_wconf 82' lang='lat' dir='ltr'><strong>eos</strong></span> 
     </span>
     <span class='ocr_line' id='line_1_39' title="bbox 1166 4216 3622 4297; baseline -0.001 -16"><span class='ocrx_word' id='word_1_326' title='bbox 1166 4240 1295 4283; x_wconf 87' lang='lat' dir='ltr'><strong>non</strong></span> <span class='ocrx_word' id='word_1_327' title='bbox 1337 4217 1781 4297; x_wconf 81' lang='lat' dir='ltr'><strong>permittemus</strong></span> <span class='ocrx_word' id='word_1_328' title='bbox 1811 4216 2105 4277; x_wconf 82' lang='lat' dir='ltr'><strong>habitare</strong></span> <span class='ocrx_word' id='word_1_329' title='bbox 2135 4236 2247 4277; x_wconf 86' lang='lat' dir='ltr'><strong>nec</strong></span> <span class='ocrx_word' id='word_1_330' title='bbox 2277 4216 2535 4277; x_wconf 83' lang='lat' dir='ltr'><strong>fortiam</strong></span> <span class='ocrx_word' id='word_1_331' title='bbox 2568 4216 2651 4277; x_wconf 89' lang='lat' dir='ltr'><strong>ibi</strong></span> <span class='ocrx_word' id='word_1_332' title='bbox 2693 4216 2940 4278; x_wconf 81' lang='lat' dir='ltr'><strong>habere.</strong></span> <span class='ocrx_word' id='word_1_333' title='bbox 3027 4217 3380 4291; x_wconf 90' lang='lat' dir='ltr'>MCCVIII,</span> <span class='ocrx_word' id='word_1_334' title='bbox 3412 4218 3503 4279; x_wconf 91' lang='lat' dir='ltr'><strong>VI</strong></span> <span class='ocrx_word' id='word_1_335' title='bbox 3533 4218 3622 4279; x_wconf 80' lang='lat' dir='ltr'><strong>id-</strong></span> 
     </span>
     <span class='ocr_line' id='line_1_40' title="bbox 1165 4314 1693 4389; baseline -0.011 -9"><span class='ocrx_word' id='word_1_336' title='bbox 1165 4320 1321 4389; x_wconf 66' lang='lat' dir='ltr'><strong>dec„</strong></span> <span class='ocrx_word' id='word_1_337' title='bbox 1366 4316 1492 4376; x_wconf 87' lang='lat' dir='ltr'><strong>ind.</strong></span> <span class='ocrx_word' id='word_1_338' title='bbox 1542 4314 1693 4375; x_wconf 87' lang='lat' dir='ltr'><strong>XII.</strong></span> 
     </span>
    </p>
   </div>
   <div class='ocr_carea' id='block_1_8' title="bbox 1492 4413 2938 4491">
    <p class='ocr_par' dir='ltr' id='par_1_10' title="bbox 1492 4413 2938 4491">
     <span class='ocr_line' id='line_1_41' title="bbox 1492 4413 2938 4491; baseline -0.001 -15"><span class='ocrx_word' id='word_1_339' title='bbox 1492 4413 1651 4476; x_wconf 82' lang='lat' dir='ltr'><strong>Volt.</strong></span> <span class='ocrx_word' id='word_1_340' title='bbox 1696 4413 1749 4471; x_wconf 75' lang='lat' dir='ltr'><em>A</em></span> <span class='ocrx_word' id='word_1_341' title='bbox 1768 4415 1931 4475; x_wconf 72' lang='lat' dir='ltr'><strong>Vesc.</strong></span> <span class='ocrx_word' id='word_1_342' title='bbox 1975 4433 2022 4472; x_wconf 76' lang='lat'><strong>3.</strong></span> <span class='ocrx_word' id='word_1_343' title='bbox 2071 4413 2256 4472; x_wconf 76' lang='lat' dir='ltr'><em>XIII</em></span> <span class='ocrx_word' id='word_1_344' title='bbox 2300 4414 2417 4473; x_wconf 81' lang='lat' dir='ltr'><strong>dec.</strong></span> <span class='ocrx_word' id='word_1_345' title='bbox 2464 4413 2502 4472; x_wconf 96' lang='lat'><strong><em>1</em></strong></span> <span class='ocrx_word' id='word_1_346' title='bbox 2547 4434 2602 4473; x_wconf 81' lang='lat' dir='ltr'><strong>n.</strong></span> <span class='ocrx_word' id='word_1_347' title='bbox 2649 4414 2729 4473; x_wconf 89' lang='lat'><strong>17</strong></span> <span class='ocrx_word' id='word_1_348' title='bbox 2769 4414 2938 4491; x_wconf 71' lang='lat' dir='ltr'><strong>Oriq.</strong></span> 
     </span>
    </p>
   </div>
   <div class='ocr_carea' id='block_1_9' title="bbox 1167 4557 3623 4735">
    <p class='ocr_par' dir='ltr' id='par_1_11' title="bbox 1167 4557 3623 4735">
     <span class='ocr_line' id='line_1_42' title="bbox 1167 4557 3617 4623; baseline 0.003 -11"><span class='ocrx_word' id='word_1_349' title='bbox 1167 4564 1307 4622; x_wconf 76' lang='grc'>290,</span> <span class='ocrx_word' id='word_1_350' title='bbox 2779 4558 2980 4623; x_wconf 76' lang='lat' dir='ltr'><strong>Elmo.</strong></span> <span class='ocrx_word' id='word_1_351' title='bbox 3025 4557 3105 4618; x_wconf 82' lang='lat'><strong>23</strong></span> <span class='ocrx_word' id='word_1_352' title='bbox 3144 4558 3402 4619; x_wconf 72' lang='lat' dir='ltr'><strong>Januar</strong></span> <span class='ocrx_word' id='word_1_353' title='bbox 3441 4559 3617 4621; x_wconf 84' lang='lat'><strong>1209.</strong></span> 
     </span>
     <span class='ocr_line' id='line_1_43' title="bbox 1290 4654 3623 4735; baseline -0 -18"><span class='ocrx_word' id='word_1_354' title='bbox 1290 4656 1642 4727; x_wconf 79' lang='lat' dir='ltr'>MCCVIII,</span> <span class='ocrx_word' id='word_1_355' title='bbox 1676 4656 1737 4714; x_wconf 79' lang='lat' dir='ltr'>X</span> <span class='ocrx_word' id='word_1_356' title='bbox 1770 4655 1890 4715; x_wconf 85' lang='lat' dir='ltr'><strong>kal.</strong></span> <span class='ocrx_word' id='word_1_357' title='bbox 1921 4655 2071 4723; x_wconf 78' lang='lat' dir='ltr'><strong>feb..</strong></span> <span class='ocrx_word' id='word_1_358' title='bbox 2102 4655 2228 4715; x_wconf 89' lang='lat' dir='ltr'><strong>ind.</strong></span> <span class='ocrx_word' id='word_1_359' title='bbox 2259 4655 2408 4716; x_wconf 85' lang='lat' dir='ltr'><strong>XII.</strong></span> <span class='ocrx_word' id='word_1_360' title='bbox 2524 4655 3076 4717; x_wconf 83' lang='lat' dir='ltr'><strong>Ildebrandus</strong></span> <span class='ocrx_word' id='word_1_361' title='bbox 3117 4654 3288 4716; x_wconf 83' lang='lat' dir='ltr'><strong>Vult.</strong></span> <span class='ocrx_word' id='word_1_362' title='bbox 3315 4675 3410 4735; x_wconf 91' lang='lat' dir='ltr'><strong>ep.</strong></span> <span class='ocrx_word' id='word_1_363' title='bbox 3440 4656 3623 4718; x_wconf 79' lang='lat' dir='ltr'><strong>dedit</strong></span> 
     </span>
    </p>
   </div>
   <div class='ocr_carea' id='block_1_10' title="bbox 1168 4752 3622 4833">
    <p class='ocr_par' dir='ltr' id='par_1_12' title="bbox 1168 4752 3622 4833">
     <span class='ocr_line' id='line_1_44' title="bbox 1168 4752 3622 4833; baseline -0 -17"><span class='ocrx_word' id='word_1_364' title='bbox 1168 4759 1233 4817; x_wconf 84' lang='lat' dir='ltr'><strong>in</strong></span> <span class='ocrx_word' id='word_1_365' title='bbox 1275 4754 1717 4833; x_wconf 82' lang='lat' dir='ltr'><strong>emphiteosim</strong></span> <span class='ocrx_word' id='word_1_366' title='bbox 1776 4758 2150 4831; x_wconf 82' lang='lat' dir='ltr'><strong>perpetuam</strong></span> <span class='ocrx_word' id='word_1_367' title='bbox 2199 4753 2545 4814; x_wconf 80' lang='lat' dir='ltr'><strong>Benedicto</strong></span> <span class='ocrx_word' id='word_1_368' title='bbox 2601 4753 2820 4814; x_wconf 83' lang='lat' dir='ltr'><strong>abbati</strong></span> <span class='ocrx_word' id='word_1_369' title='bbox 2871 4752 3114 4813; x_wconf 77' lang='lat' dir='ltr'><strong>Adelmi</strong></span> <span class='ocrx_word' id='word_1_370' title='bbox 3173 4752 3256 4813; x_wconf 86' lang='lat' dir='ltr'><strong>ad</strong></span> <span class='ocrx_word' id='word_1_371' title='bbox 3311 4772 3481 4833; x_wconf 87' lang='lat' dir='ltr'><strong>pens.</strong></span> <span class='ocrx_word' id='word_1_372' title='bbox 3529 4754 3622 4815; x_wconf 90' lang='lat' dir='ltr'><strong>VI</strong></span> 
     </span>
    </p>
   </div>
  </div>
 </body>
</html>
