4000 5700
1180 486 1289 542 218
1824 489 2270 546 REGESTUM
2308 491 2469 546 VOL
2477 492 2996 548 ATERRANUM

1178 705 1218 745 a
1256 684 1551 747 Ventura
1589 685 1966 765 cappellano
2009 686 2089 745 de
2134 686 2470 756 Monteri0‚
2517 686 2838 749 Rainaldo
2881 688 3342 770 Buongiannis,
3388 690 3652 752 Bai-ella

1179 783 1442 845 Ranerii
1484 783 1789 845 castaldis
1831 790 1899 845 et
1938 784 2297 845 factoribus
2354 787 2421 847 in
2462 785 2780 848 Monterio
2832 806 2953 865 pro
3005 786 3427 867 Raynerio
3463 788 3648 849 Vult.

1174 878 1379 939 electo
1434 878 1515 937 de
1570 878 1931 939 redditibus
1986 879 2604 957 argentifodinarum
2665 900 2705 940 a
2765 880 2892 941 kal.
2934 886 3099 960 sept.
3143 881 3228 943 ad
3283 881 3408 942 kal.
3452 888 3647 943 mart.

1173 972 1401 1035 CCXV
1434 972 1538 1033 lib.
1570 974 1698 1035 den
1728 974 1871 1036 Sen.
1904 978 2159 1047 minut„
2191 996 2356 1055 quas
2385 996 2462 1043 ex
2507 975 2879 1039 venditione
2921 998 2962 1039 a
3001 981 3260 1039 comuni
3289 976 3436 1040 Sen.
3464 979 3650 1040 facta

1174 1070 1267 1132 eis
1307 1072 1548 1132 electus
1588 1071 1741 1133 dare
1784 1079 2048 1133 tenetur
2075 1093 2191 1151 pro
2218 1094 2411 1135 censu
2441 1076 2632 1135 castri
2663 1074 2961 1136 Monterii
2989 1095 3109 1154 pro
3135 1095 3307 1136 anno
3333 1078 3650 1154 preterito

1176 1190 1216 1230 a
1257 1168 1383 1230 kal.
1425 1170 1565 1231 dec.
1607 1176 1780 1231 retro
1808 1174 1872 1244 ¹).
1958 1172 2102 1231 Act.
2147 1172 2467 1233 Monterii.
2537 1172 2823 1234 Orlando
2850 1187 2986 1234 not.
3019 1173 3238 1234 Presb.
3271 1173 3646 1236 Buonodito

1176 1267 1259 1329 de
1319 1268 1745 1349 Lardignano.
1806 1269 2024 1330 Presb.
2079 1269 2367 1331 Orlando
2428 1272 2509 1331 de
2574 1270 2888 1333 sovicille.
2946 1273 3190 1334 Coiano
3244 1271 3490 1335 clerice.
3541 1272 3643 1333 Ia·

1177 1365 1338 1429 eobo
1381 1366 1488 1445 qd.
1531 1367 1960 1443 lldsibrandfi.
2008 1368 2202 1430 Petro
2258 1368 2339 1428 de
2395 1366 2460 1431 la
2512 1369 2725 1430 Gierla
2779 1376 2861 1430 tt.
3002 1370 3430 1432 Ildebrandus
3485 1369 3636 1430 olim

1180 1463 1493 1525 Marinelli
1536 1466 1689 1542 imp.
1734 1464 1878 1525 aule
1921 1474 2057 1526 not.

1512 1562 1670 1625 Volt.
1716 1563 1955 1626 AVese.
1983 1583 2035 1625 s.
2065 1563 2406 1626 XIIIdec.
2438 1566 2568 1628 622.
2598 1565 2881 1644 380riq.

1179 1706 1318 1765 664.
2912 1708 3093 1783 Rom,
3138 1712 3177 1772 4
3220 1710 3415 1789 April
3458 1712 3639 1773 1256.

1302 1803 1769 1865 'Alexander
1807 1803 1913 1864 IV
1954 1804 2488 1883 archipresbitero
2529 1806 2782 1868 Pisano.
2867 1807 3109 1868 Narrat
3161 1806 3506 1887 plebanum
3559 1809 3642 1869 de

1182 1902 1384 1980 Aquis
1424 1903 1591 1963 dioc.
1633 1902 1759 1963 Pis.
1803 1901 2136 1963 Marchum
2181 1903 2392 1982 presb.
2433 1905 2503 1966 in
2543 1904 2694 1966 eccl.
2739 1927 2788 1967 s.
2832 1904 3164 1967 Laurentii
3219 1908 3414 1967 castri
3462 1908 3641 1970 Mon-

1181 1999 1390 2060 tanini
1430 1999 1585 2060 Luc.
1628 2000 1794 2062 dioc.
1837 2002 2211 2073 instituisse,
2259 2004 2368 2080 qui
2410 2023 2552 2063 eam
2582 2008 2964 2081 occupatam
2993 2003 3302 2065 detineat.
3347 2003 3642 2078 Mandat,

1180 2098 1491 2175 quatinus
1531 2098 1706 2176 quod
1734 2100 2115 2159 canonicum
2155 2098 2350 2160 fuerit
2378 2100 2700 2160 decernat.
2784 2100 3181 2181 «conquesti
3205 2107 3358 2161 sunt
3385 2102 3571 2164 nobis
3591 2121 3640 2162 t.

1182 2195 1337 2256 Dat.
1383 2194 1688 2256 Laterani
1728 2196 1800 2257 ΙΙ
1837 2215 1991 2257 non.
2036 2216 2195 2276 apr„
2243 2203 2422 2276 pont.
2468 2197 2558 2258 ΙΙ.

1509 2293 1670 2355 Vola.
1700 2294 1943 2357 AVao.
1968 2314 2026 2356 3.
2055 2294 2401 2357 Xllldec.
2431 2296 2562 2358 62⁸.
2592 2296 2875 2373 250nq.
2909 2295 3123 2375 (Baua
3161 2296 3479 2374 valona)

1181 2438 1322 2498 665.
2878 2437 3055 2509 Rom,
3099 2438 3182 2499 28
3223 2437 3417 2515 April
3455 2437 3640 2498 1256·

1305 2533 1768 2599 Alexander
1812 2534 1915 2596 IV
1956 2535 2154 2613 priori
2195 2555 2245 2596 s.
2291 2534 2459 2596 Sixti
2501 2534 2738 2596 Pisani.
2819 2537 2983 2597 Cum
3027 2534 3228 2596 abbas
3257 2556 3306 2595 s.
3339 2536 3534 2596 Marie
3560 2534 3644 2594 de

1181 2631 1501 2704 Mor-rona,
1544 2638 1856 2709 patronus
1896 2632 2050 2693 ecel.
2094 2651 2152 2691 s.
2191 2633 2523 2694 Laurentii
2556 2636 2747 2695 castri
2777 2633 3156 2703 Montanini‚
3189 2640 3641 2711 conqueratur,

1184 2731 1357 2810 quod
1400 2729 1717 2803 Marchus‚
1760 2733 1873 2810 qui
1914 2750 1981 2791 se
2023 2733 2188 2811 gerit
2231 2750 2346 2809 pro
2385 2738 2632 2792 rectore
2673 2732 2871 2809 ipsius
2900 2732 3050 2791 eccl.
3081 2751 3127 2791 s,
3157 2731 3487 2791 Laurentii
3514 2729 3642 2790 Lu·

1182 2848 1341 2891 cane
1379 2830 1568 2901 dioc..
1611 2829 1734 2892 sibi
1761 2831 2120 2906 iniurietur,
2153 2831 2442 2902 mandat,
2475 2830 2783 2910 quatinus
2822 2850 3083 2891 causam
3118 2828 3397 2891 decidat.
3480 2829 3642 2890 ‹Di-

1183 2929 1333 2990 lecti
1372 2928 1550 3006 filii».
1636 2929 1790 2990 Dat.
1834 2929 2142 2990 Laterani
2184 2928 2324 2991 1111
2367 2929 2495 2990 kal.
2540 2931 2689 3003 mai,
2734 2935 2916 3008 pont.
2960 2927 3051 2989 11.

1511 3027 1672 3088 Volt.
1700 3028 1757 3088 A
1776 3025 1939 3089 Vesc.
1967 3046 2022 3088 s.
2051 3026 2242 3089 XIII
2266 3026 2394 3088 dec.
2424 3027 2465 3087 6
2489 3046 2555 3087 n..
2584 3026 2667 3088 25
2691 3026 2865 3103 Oriq.
2899 3025 3112 3104 (Bulla
3143 3027 3453 3101 valorem).

1183 3171 1321 3233 666.
2789 3168 3114 3241 Montien',
3147 3169 3226 3229 14
3268 3168 3415 3229 Mai
3454 3167 3638 3229 1256.

1306 3268 1752 3331 Rainerius
1793 3268 1966 3328 Vult.
1998 3267 2240 3328 electus
2284 3287 2402 3346 pro
2442 3266 2665 3329 debito
2707 3267 2813 3328 lib.
2858 3266 2918 3326 D
2963 3265 3061 3327 vel
3105 3268 3271 3328 circa
3312 3264 3640 3337 solvendO,

1184 3366 1362 3444 quod
1399 3365 1555 3426 dare
1606 3364 1947 3426 tenebatur
2000 3363 2262 3425 Paltoni
2316 3364 2697 3425 Melioranze
2738 3353 3101 3424 de'Sancto
3137 3363 3521 3425 Geminiano
3573 3369 3645 3423 et

1184 3463 1460 3525 Schiavo
1502 3463 1634 3525 filio
1674 3470 1882 3539 suo'),
1926 3465 2170 3542 recepit
2211 3483 2250 3523 a
2294 3462 2614 3524 Rainaldo
2673 3462 2780 3544 qd.
2827 3461 3145 3523 Bonianni
3201 3469 3268 3521 et
3322 3462 3350 3542 [
3356 3508 3535 3523 .....
3541 3463 3638 3541 ]⁸)

1182 3561 1383 3623 fratre
1423 3562 1559 3622 eius
1600 3560 1708 3622 lib.
1750 3562 1849 3622 CC
1890 3560 2038 3621 den.
2082 3560 2208 3621 Pis.
2265 3580 2413 3620 nov.
2455 3561 2618 3640 nigr.
2664 3567 2731 3622 et
2773 3559 2956 3621 dedit
2997 3560 3167 3621 bona
3213 3562 3640 3639 episcopatus,

1181 3661 1483 3738 precipue
1522 3659 1591 3719 in
1634 3659 1930 3737 partibus
1983 3657 2284 3720 Monterii
2339 3657 2407 3717 in
2459 3658 2598 3719 loco
2653 3678 2693 3718 a
2747 3658 2804 3718 le
2859 3658 3152 3732 Martine,
3197 3677 3314 3736 pro
3353 3658 3641 3737 pignore.

1185 3757 1489 3818 Promisit
1530 3775 1596 3817 se
1637 3755 1996 3818 soluturum
2039 3756 2125 3817 ad
2170 3775 2350 3835 prox.
2393 3756 2534 3818 fest.
2565 3757 2854 3817 omnium
2888 3761 3258 3816 sanctorum
3299 3761 3368 3816 et
3407 3753 3644 3815 abinde

1186 3854 1271 3915 ad
1310 3854 1338 3933 [
1340 3899 1562 3915 ......
1568 3855 1594 3934 ]
1620 3858 1689 3931 ⁴).
1778 3853 1917 3913 Act.
1961 3853 2262 3916 Monterii
2306 3852 2374 3913 in
2399 3853 2596 3915 domo
2623 3852 2771 3913 eccl.
2800 3852 2942 3913 loci.
3026 3850 3376 3913 Niccholao
3401 3849 3642 3912 abbate

1181 3970 1234 4012 s.
1278 3951 1443 4012 Iusti
1485 3949 1663 4011 Vult.
1707 3949 1922 4011 Presb.
1965 3949 2260 4011 Ventura
2297 3957 2544 4011 rectore
2581 3949 2755 4010 dicte
2795 3949 2946 4010 eccl.
2989 3948 3276 4028 Ardingo
3330 3947 3439 4028 qd.
3489 3944 3643 4009 Gui-

1184 4047 1376 4110 lielmi
1422 4054 1501 4109 tt.
1585 4047 1939 4109 MCCLVII
1972 4051 2042 4125 ὃ),
2086 4047 2214 4107 ind.
2261 4047 2492 4120 XIIII,
2537 4046 2607 4108 11
2635 4047 2722 4107 id.
2753 4048 2928 4108 maii.
3011 4045 3505 4108 Ildebrandinus
3527 4044 3641 4123 qd.

1184 4146 1451 4208 Gerardi
1498 4153 1632 4206 not.

1515 4244 1673 4307 Volt.
1704 4244 1943 4308 AVeee.
1971 4264 2026 4306 s.
2054 4243 2246 4305 XIII
2272 4243 2397 4306 deo.
2427 4244 2469 4304 6
2494 4263 2556 4305 n.
2584 4244 2667 4306 52
2693 4242 2868 4321 Oriq.

1316 4435 1373 4497 J)
1408 4434 1569 4486 Sica«
1602 4433 1737 4485 oben
1770 4449 1825 4485 n.
1867 4435 1971 4484 656
2008 4432 2370 4495 Amos-bum
2408 4433 2458 4484 3.
2665 4432 2709 4495 ²)
2747 4432 2893 4484 Oba·
2926 4447 2982 4483 n.
3022 4433 3142 4483 635.
3360 4429 3406 4496 ⁸)
3441 4431 3641 4488 Nono,

1182 4523 1284 4574 vio
1309 4521 1611 4585 muham
1632 4522 1782 4573 mehr
1803 4522 1888 4572 ab
1909 4522 1998 4572 dio
2025 4521 2214 4582 Halm
2238 4521 2334 4572 der
2365 4521 2518 4578 Urk„
2543 4521 2683 4573 bedu
2711 4519 3203 4584 Unassltiamaoheu
3223 4519 3640 4583 ὠσοοολπόιεαι.

1188 4611 1231 4672 ⁴)
1291 4610 1781 4672 Weqthwitoem
1820 4626 1997 4659 unum
2048 4625 2260 4658 annum
2308 4610 2433 4658 oder
2479 4610 2755 4658 libamem
2809 4609 2953 4660 duo·
3007 4623 3186 4658 annos
3239 4623 3309 4656 zu
3359 4610 3641 4671 endum

1188 4700 1231 4762 ⁸)
1268 4700 1525 4751 Galouhu
1562 4701 1824 4750 Pisanus.
