4000 5700
1095 469 1543 525 REGESTUM
1580 470 2269 526 VOLATERRANUM
2807 474 2909 526 317

783 565 820 571 .-
883 564 1074 571 --—.-‚
1213 565 2233 573 —ffl-
2326 567 2427 572 --,-
2476 570 2485 571 ἶ
2668 568 2910 574 ——--..-

454 666 593 728 933.
2014 666 2191 739 Rom,
2232 667 2315 728 27
2359 667 2689 728 November
2727 667 2905 729 1286.

572 764 991 825 Honorius
1032 763 1140 824 IV
1167 764 1510 843 Raynaldo
1540 784 1680 825 can.
1712 764 1994 826 Senensi.
2081 765 2320 825 Narrat
2346 784 2412 826 se
2438 766 2709 836 audisse,
2733 765 2909 844 quod

456 862 866 941 (Raynerius)
926 882 1021 941 ep.
1066 862 1242 923 Vult.
1287 867 1356 922 et
1408 863 1882 941 predecessores
1935 862 2106 924 bona
2161 863 2245 923 ad
2286 883 2382 942 ep.
2427 883 2716 925 mensam
2770 882 2907 942 spe-

453 959 700 1021 ctantia
740 959 981 1021 clericis
1008 967 1075 1020 et
1103 959 1281 1020 laicis
1309 960 1394 1020 ad
1421 960 1650 1033 vitam,
1678 961 1763 1021 ad
1792 967 2048 1038 tempus
2076 961 2177 1021 vel
2204 968 2514 1039 perpetuo
2542 961 2627 1022 ad
2656 963 2906 1023 firmam

453 1057 555 1118 vel
594 1057 715 1118 sub
756 1077 951 1119 censu
993 1058 1442 1131 concesserint,
1487 1076 1761 1136 quorum
1788 1057 1987 1136 aliqui
2015 1058 2263 1119 litteras
2290 1059 2793 1121 confirmationis
2835 1061 2901 1121 in

449 1156 658 1217 forma
686 1158 1015 1218 communi
1040 1154 1126 1217 ab
1153 1176 1258 1234 ap.
1288 1156 1439 1217 sede
1467 1157 1840 1233 impetrasse
1866 1157 2183 1218 dicantur.
2268 1157 2559 1230 Mandat,
2595 1160 2903 1236 quatinus

451 1273 527 1314 ca
546 1273 677 1315 non
698 1252 1109 1315 obstantibus
1135 1253 1435 1314 omnibus
1455 1259 1727 1314 revocet.
1810 1274 1839 1313 e
1860 1254 1960 1314 Ad
1984 1255 2379 1315 audientiam
2402 1276 2444 1314 ὴ.
2518 1257 2666 1317 Dat.
2698 1254 2904 1317 Rome

450 1352 625 1432 apud
665 1372 712 1412 s.
757 1350 1063 1413 Sabinam
1106 1352 1165 1413 V
1207 1351 1328 1413 kal.
1373 1352 1530 1425 dec.,
1576 1357 1753 1430 pont.
1800 1351 1886 1413 ΙΙ.

775 1459 928 1520 Volt.
976 1459 1217 1519 AVesc.
1260 1478 1310 1518 s.
1356 1457 1543 1519 XIII
1586 1459 1705 1519 dec.
1738 1459 1777 1519 2
1804 1479 1868 1519 n.
1899 1458 1981 1520 29
2008 1458 2181 1536 Oriq.
2215 1460 2420 1536 (Balce
2447 1460 2736 1521 verloren.
2769 1460 2904 1538 Ans

768 1555 872 1616 der
913 1555 1244 1617 Rilokseite
1284 1555 1550 1632 Clarus).

448 1749 587 1810 934.
2055 1750 2232 1823 Rom,
2276 1751 2313 1810 1
2356 1750 2676 1812 Dezember
2716 1751 2898 1812 1286.

565 1845 986 1908 Honorius
1028 1846 1136 1907 IV
1178 1847 1521 1926 Raynaldo
1548 1866 1685 1909 can.
1711 1846 1990 1909 Senensi.
2074 1846 2312 1909 Narrat
2332 1868 2400 1909 se
2426 1848 2697 1920 audisse,
2723 1849 2898 1927 quod

448 1943 860 2022 (Raynerius)
904 1963 1001 2021 ep.
1046 1943 1220 2004 Vult.
1275 1950 1341 2005 et
1395 1945 1864 2023 predecessores
1919 1946 2095 2006 bona
2146 1946 2231 2006 ad
2286 1966 2382 2025 ep.
2429 1965 2717 2007 mensam
2757 1965 2897 2025 spe-

445 2042 693 2102 ctantia
720 2043 961 2104 clericis
991 2047 1057 2102 et
1084 2042 1262 2103 laicis
1291 2043 1374 2103 ad
1403 2044 1629 2115 vitam,
1661 2043 1746 2103 ad
1773 2050 2031 2122 tempus
2063 2043 2162 2105 vel
2191 2049 2503 2121 perpetuo
2533 2043 2615 2104 ad
2645 2044 2896 2104 firmam

446 2139 545 2201 vel
587 2140 708 2201 sub
749 2146 925 2202 certo
967 2160 1160 2202 censu
1205 2142 1646 2214 concesserint,
1692 2161 1964 2219 quorum
2015 2140 2214 2221 aliqui
2253 2141 2499 2203 litteras
2561 2142 2897 2203 confirma·

445 2238 637 2298 tionis
677 2239 747 2299 in
786 2237 994 2300 forma
1038 2239 1296 2299 comuni
1337 2237 1423 2298 ab
1463 2258 1560 2318 ep.
1607 2239 1753 2300 sede
1794 2242 2171 2317 impetrasse
2202 2239 2517 2300 dicantur.
2602 2238 2894 2312 Mandat,

443 2336 748 2413 quatinus
770 2356 846 2396 ea
875 2355 1007 2396 non
1036 2335 1448 2397 obstantibus
1477 2335 1775 2397 omnibus
1815 2342 2074 2397 revocet
2093 2339 2154 2413 ¹).
2293 2336 2729 2398 «Venerabilis
2769 2337 2893 2398 fra-

441 2436 595 2492 ter».
683 2434 831 2493 Dat.
877 2433 1084 2494 Rome
1125 2433 1302 2511 apud
1342 2453 1390 2493 ε.
1433 2433 1741 2495 Sabinam
1783 2434 1906 2494 kal.
1950 2435 2107 2506 dec„
2150 2440 2329 2513 pont.
2376 2434 2427 2494 Ι.

769 2532 923 2593 Volt.
972 2532 1206 2593 AVeso.
1252 2551 1302 2590 s.
1347 2530 1536 2590 XIII
1574 2532 1698 2591 dec.
1744 2531 1784 2592 9
1823 2552 1888 2592 n.
1931 2532 2012 2592 55
2052 2532 2222 2609 Oriq.
2256 2532 2462 2609 (Bulle
2500 2532 2811 2608 verloren).

441 2730 576 2787 935.
1889 2729 2211 2799 Montieri,
2253 2729 2294 2788 3
2335 2728 2670 2789 November
2709 2728 2889 2789 1287.

558 2828 870 2889 Homines
911 2828 993 2889 de
1035 2827 1442 2890 Monterio
1485 2827 1796 2889 mandato
1836 2826 2082 2888 Mathei
2122 2836 2255 2890 not.
2302 2834 2457 2888 tunc
2500 2828 2719 2889 vicarii
2768 2826 2893 2888 Mei

441 2926 610 2986 Petri
651 2924 734 2985 de
775 2926 1094 2985 Talomeis
1132 2926 1213 2987 de
1254 2925 1438 2986 Senis
1489 2925 1831 3004 potestatis
1876 2926 2168 2985 comunis
2220 2923 2519 2985 Monterii
2572 2926 2640 2985 in
2694 2925 2889 2985 domo

437 3023 499 3084 N
500 3023 623 3095 elli,
667 3022 782 3085 ubi
820 3024 988 3084 fiunt
1014 3023 1296 3092 consilia,
1326 3023 1693 3102 congregati
1721 3022 2054 3083 Michelem
2081 3022 2186 3101 qd.
2217 3023 2384 3084 Pieri
2409 3030 2887 3100 procuratorem

437 3140 651 3182 coram
694 3121 1170 3197 R(ainerio)
1216 3142 1312 3201 ep.
1352 3121 1524 3181 Vult.
1570 3123 1974 3181 constituunt
2018 3120 2102 3181 ad
2147 3121 2518 3200 petendum,
2560 3131 2635 3181 ut
2678 3120 2711 3180 I
2754 3141 2884 3180 cor-

437 3218 674 3280 bellum
718 3238 877 3280 vene
915 3221 1163 3296 argenti
1187 3219 1270 3280 de
1295 3218 1500 3281 foveis
1528 3225 1593 3278 et
1621 3217 2106 3292 argentifodinis
2148 3238 2263 3297 pro
2292 3218 2555 3298 singulis
2583 3218 2726 3279 1111
2754 3238 2886 3278 cor·

437 3313 617 3375 bellis
643 3314 936 3376 debitum
966 3316 1264 3393 episcopo
1292 3314 1377 3374 ad
1405 3315 1438 3375 I
1474 3315 1555 3375 de
1597 3314 1761 3375 VIII
1804 3314 2092 3376 corbellis
2118 3316 2432 3388 remittat,
2464 3333 2612 3375 cum
2640 3313 2889 3376 fructus

433 3412 768 3473 fovearum
809 3414 939 3473 sint
978 3413 1284 3474 diminuti
1321 3419 1390 3474 et
1433 3413 1551 3492 ipsi
1593 3413 1660 3473 in
1703 3421 1839 3473 tam
1886 3413 2175 3473 maxima
2228 3417 2512 3490 egestate
2567 3412 2881 3483 laborent,

433 3510 610 3587 quod
649 3512 864 3590 potius
906 3510 1128 3572 foveas
1166 3513 1449 3572 sinerent
1491 3510 1798 3583 laborare3
1843 3516 1929 3582 et,
1973 3512 2027 3571 si
2067 3510 2310 3582 fecerit,
2362 3511 2447 3571 ad
2501 3513 2886 3589 promitten-

433 3609 590 3670 dum
630 3609 989 3687 pecuniam,
1033 3629 1228 3688 quam
1255 3610 1314 3669 ei
1341 3610 1741 3670 decreverint
1780 3609 2158 3670 solvendam
2186 3609 2253 3686 ²).
2375 3608 2517 3668 Act.
2561 3607 2880 3669 Monterii.

433 3705 1009 3780 MCCLXXXVII,
1058 3708 1160 3768 III
1202 3726 1372 3778 nov„
1417 3707 1547 3767 ind.
1592 3706 1643 3767 Ι.
1739 3707 2040 3768 Matheus
2081 3715 2215 3767 not.

765 3805 923 3866 Volt.
970 3804 1209 3866 AVesc.
1251 3825 1302 3864 s.
1347 3804 1535 3864 XIII
1576 3805 1695 3865 dec.
1742 3804 1781 3863 9
1823 3823 1883 3864 n.
1928 3803 2010 3865 54
2049 3804 2218 3881 Θήρ.
2262 3805 2379 3864 Ed.
2426 3804 2644 3865 Giacki
2669 3805 2689 3836 ²
2718 3804 2854 3865 527.

432 3998 567 4058 936.
2052 3998 2350 4071 Ohianm',
2394 4000 2474 4059 13
2515 3998 2662 4060 Mai
2702 3998 2877 4060 1288.

556 4096 792 4157 Omnes
835 4096 918 4156 ho
931 4093 1141 4167 uine&
1188 4094 1325 4166 XC,
1369 4098 1658 4158 comunis
1686 4097 1766 4157 de
1796 4097 1899 4158 Ch
1919 4095 2148 4157 ianni
2179 4098 2474 4158 iurarunt
2501 4095 2881 4158 fidelitatem

433 4191 611 4272 Lapo
652 4193 732 4252 de
774 4192 981 4254 Rosso
1009 4192 1090 4253 de
1134 4191 1377 4253 Rubeis
1407 4213 1522 4272 pro
1564 4194 2036 4271 R(ainerio)
2080 4214 2177 4273 ep.
2223 4193 2396 4254 Vult.
2428 4193 2667 4255 vicario
2693 4213 2877 4273 gene·

429 4290 545 4350 rali
588 4291 656 4350 in
695 4290 990 4368 partibus
1038 4290 1219 4350 vallis
1262 4289 1432 4352 Here
1472 4291 1619 4352 hinc
1648 4291 1735 4352 ad
1760 4292 1883 4352 kal.
1914 4310 2062 4352 nov.
2147 4292 2290 4352 Act.
2322 4291 2594 4354 Chianni
2631 4291 2701 4352 in
2727 4290 2876 4351 eccl.

430 4409 476 4449 s.
523 4388 784 4450 Donat-i.
869 4388 1516 4462 MCCLXXXVIIIL
1564 4389 1692 4451 ind.
1737 4391 1792 4465 Ι,
1835 4391 1941 4451 III
1976 4391 2061 4451 id.
2106 4391 2275 4452 mad.
2326 4391 2411 4451 ad
2452 4410 2708 4453 cursum
2749 4389 2875 4451 Pis.

573 4606 616 4669 ¹)
653 4606 773 4654 Das
811 4605 1048 4655 Mandat
1082 4605 1174 4654 hac
1211 4605 1449 4668 qleichen
1483 4607 1517 4655 I
1522 4606 1670 4655 nhalt
1709 4606 1807 4655 mit
1843 4621 1896 4656 n.
1937 4607 2058 4656 933.
2188 4607 2233 4669 ε)
2279 4605 2581 4669 Verqleiche
2619 4619 2642 4650 e
2664 4605 2877 4654 Bistam

371 4697 376 4704 ’
426 4696 541 4745 und
578 4694 1038 4754 Geldwirtoohose»
1073 4695 1143 4744 II
1181 4696 1301 4745 311.
