4000 5700
1119 515 1221 568 194
1758 512 2199 565 REGESTUM
2241 513 2294 564 V
2295 511 2923 565 OLATERRANUM

1238 705 1485 765 Eadem
1524 705 1627 765 die
1670 706 1970 783 Paganus
2014 706 2098 765 ad
2137 705 2412 765 eundem
2456 707 2798 765 terminum
2845 703 3087 765 solvere
3135 703 3571 782 promittimus

1118 804 1167 866 O
1210 802 1316 865 lib.
1360 802 1505 864 den.
1551 802 1729 864 Vult.
1774 822 1890 880 pro
1934 823 2064 864 uno
2104 801 2419 864 destrario
2459 802 2573 880 pili
2617 802 2778 879 nigri
2818 811 2885 864 et
2924 801 3216 873 frowini,
3260 819 3451 878 quem
3485 798 3569 858 ab

1118 903 1209 962 eis
1247 902 1551 973 emimus;
1594 900 1972 980 obligamus,
2016 920 2142 979 que
2185 900 2499 962 habemus
2540 903 2608 960 in
2648 901 2875 962 castris
2922 900 3001 960 de
3045 899 3572 979 Ripamarraneia

1120 1006 1187 1060 et
1235 999 1552 1061 Serazano
1593 1004 1662 1060 et
1702 998 2089 1059 nominatim
2131 997 2409 1076 pecudes
2449 1017 2598 1059 cum
2641 997 3097 1059 Ildebrandino
3137 996 3478 1076 pecudario
3505 1000 3574 1055 et

1119 1096 1360 1157 bestias
1402 1098 1471 1157 in
1512 1096 1877 1156 montaneis
1917 1114 2137 1156 omnes
2166 1098 2231 1173 ¹).

1239 1193 1485 1252 Eadem
1538 1191 1643 1252 die
1700 1192 2000 1270 Paganus
2043 1192 2131 1252 eis
2176 1193 2258 1253 ad
2307 1192 2585 1252 eundem
2630 1194 2974 1254 terminum
3021 1187 3265 1251 solvere
3311 1189 3573 1268 promit·

1123 1291 1318 1352 timus
1372 1288 1866 1352 CCCXXVIIII
1920 1289 2066 1350 den.
2127 1291 2253 1349 Pis.
2313 1291 2473 1367 nigr.
2534 1290 2791 1362 minut„
2846 1308 3115 1367 quorum
3159 1287 3578 1371 expendimus

1121 1387 1561 1450 OCXXVIIII
1602 1389 1667 1447 in
1712 1387 2014 1447 Romana
2057 1388 2236 1448 curia
2286 1405 2405 1466 pro
2458 1387 2853 1449 indumentis
2907 1387 3140 1448 nostris
3194 1393 3263 1447 et
3314 1383 3576 1450 familie,

1122 1486 1175 1546 L
1201 1485 1492 1546 dedimus
1521 1485 1845 1564 magistris
1877 1483 1958 1545 de
1981 1484 2353 1545 Vechienna
2375 1504 2490 1562 pro
2511 1483 2695 1545 vallis
2714 1491 2782 1544 et
2804 1484 3268 1545 munitionibus
3287 1484 3498 1547 castri.
3525 1481 3578 1539 L

1123 1582 1442 1644 Rainaldo
1464 1582 1685 1643 comiti
1713 1582 1792 1641 de
1819 1581 2318 1642 Monterotundo
2348 1601 2464 1660 pro
2494 1580 2940 1643 additamento
2970 1581 3181 1642 canbii
3201 1581 3281 1642 dc
3305 1578 3576 1647 villanis;

1124 1677 1497 1757 obligamus,
1528 1697 1654 1756 que
1684 1676 2011 1744 babemus.
2032 1678 2101 1737 in
2141 1676 2369 1737 castris
2406 1682 2474 1737 et
2501 1677 2792 1738 curtibus
2831 1677 2914 1737 de
2957 1677 3482 1756 Ripamarrancia
3509 1682 3582 1735 et

1120 1774 1444 1837 Sarazano
1499 1781 1565 1834 et
1619 1774 2004 1836 nominatim
2061 1774 2337 1853 pecudes
2393 1794 2540 1835 cum
2599 1774 3055 1837 lldebrandino
3111 1774 3450 1854 pecudario
3512 1778 3582 1833 et

1125 1892 1341 1936 omnes
1384 1873 1624 1935 bestias
1652 1875 1719 1950 ¹).

1450 1971 1612 2032 Vozc.
1665 1970 1902 2031 AVesc.
1952 1990 2005 2031 s.
2056 1970 2244 2031 XIII
2271 1971 2397 2031 dec.
2442 1972 2481 2031 4
2523 1992 2585 2030 η.
2617 1972 2698 2032 43
2738 1973 2881 2032 zwei
2915 1971 3128 2048 Θήρᾳ.
3169 1970 3381 2046 (durch
3421 1971 3580 2031 Ein-

1440 2065 1694 2126 achaiae
1738 2066 2043 2141 kassiert).
2283 2095 2287 2099 ⁴

1127 2238 1265 2298 573.
2657 2237 2948 2305 Vollerra,
2989 2239 3070 2298 27
3112 2237 3579 2314 4u9ust1239.

1247 2333 1843 2406 MCCXXXVIIII,
1885 2333 2020 2395 ind.
2065 2335 2226 2408 XII,
2270 2334 2362 2395 VI
2403 2334 2534 2396 kal.
2575 2340 2739 2413 sept.
2823 2334 3200 2412 Paganus
3240 2353 3339 2412 ep.
3382 2335 3582 2407 Vult„

1128 2434 1416 2495 infirmus
1456 2451 1720 2512 corpore
1760 2438 1827 2493 et
1869 2432 2200 2494 intellectu
2241 2452 2455 2506 sanus,
2500 2439 2763 2511 rogatus
2808 2456 2848 2495 a
2884 2433 3173 2512 pluribus
3216 2436 3383 2495 circa
3436 2453 3580 2493 eum

1127 2530 1572 2603 existentibus,
1618 2536 1692 2590 ut
1733 2549 2006 2592 comune
2051 2530 2411 2592 absolveret
2452 2530 2537 2592 ab
2577 2532 3243 2593 excommunicatione
3283 2536 3352 2592 et
3391 2531 3582 2593 inter-

1128 2629 1338 2698 dictis,
1382 2629 1594 2707 ipsum
1635 2626 1916 2689 absolvit
1956 2635 2026 2689 et
2065 2630 2249 2708 signo
2290 2630 2496 2691 crucis
2536 2628 2888 2690 benedixit.
2973 2628 3120 2689 Act.
3151 2627 3330 2689 Vult.
3359 2630 3426 2689 in
3453 2629 3580 2707 pal.

1128 2746 1228 2804 ep.
1312 2724 1779 2786 Aldibrandino
1807 2724 1918 2803 qd.
1948 2724 2277 2804 Mendrigi.
2309 2725 2593 2786 Cui-rado
2620 2725 2702 2787 de
2721 2726 3198 2788 Montealchino
3222 2724 3394 2789 Vult.
3417 2726 3584 2787 dioc.

1131 2822 1449 2901 Guidingo
1490 2822 1600 2901 qd.
1658 2820 1993 2883 Frederici.
2061 2822 2417 2884 Guilichino
2471 2822 2581 2902 qd.
2631 2823 2941 2903 Aymonis
2997 2821 3079 2885 de
3133 2823 3462 2886 Mentiano
3506 2831 3582 2885 tt..

1130 2920 1474 2999 Iacopinus
1515 2923 1687 2980 auct.
1732 2918 1887 2997 imp.
1931 2918 2110 2999 publ.
2153 2926 2290 2980 not.

1450 3016 1709 3076 Florenz
1735 3015 1885 3076 Ast.
1913 3016 2106 3093 (Volt.
2130 3037 2194 3076 π.
2219 3016 2364 3094 468)
2393 3017 2566 3094 Oriq.
2594 3017 2711 3078 Ed.
2739 3018 3116 3096 Gamtelletti
3137 3017 3390 3080 XVIII
3409 3018 3542 3080 239.

1132 3178 1273 3238 574.
3164 3179 3375 3254 (1227-
3381 3179 3586 3256 1239).

1252 3274 1629 3353 Paganus
1697 3273 1873 3336 Vult.
1932 3295 2031 3353 ep.
2089 3275 2277 3336 fratri
2317 3276 2753 3355 L(ucteringo)
2805 3276 3586 3356 archidiac.1mpeditus

1134 3379 1341 3434 terras
1382 3371 1642 3432 circuire
1684 3371 1872 3433 iuxta
1908 3372 2186 3433 formam
2226 3372 2478 3435 concilii
2498 3375 2546 3452 ²)
2591 3379 2658 3434 et
2699 3375 3082 3435 mandatum
3116 3373 3365 3434 factum
3406 3373 3587 3434 nobis

1137 3490 1178 3531 a
1217 3469 1573 3548 G(uifredo)
1602 3473 1648 3548 ⁸)
1690 3488 1737 3530 s.
1769 3471 1968 3533 Marci
1995 3470 2200 3549 presb.
2245 3473 2442 3536 card..
2475 3492 2576 3550 ap.
2607 3472 2774 3533 sedis
2817 3472 3049 3551 legate,
3083 3474 3482 3543 mandamus,
3513 3477 3589 3531 ut

1134 3569 1202 3628 id
1244 3568 1462 3640 iacias,
1506 3566 1761 3628 clericos
1803 3567 2124 3638 reformes,
2169 3565 2430 3629 rebelles
2471 3586 2585 3646 per
2626 3587 2960 3629 censuram
3002 3587 3389 3646 compescas,
3416 3568 3587 3628 here-

1134 3667 1317 3738 ticos,
1362 3669 1721 3745 potestates
1762 3671 1829 3726 et
1870 3670 2145 3726 rectores
2187 3673 2502 3727 terrarum
2557 3672 2625 3727 et
2678 3670 3032 3727 statut-ores
3078 3672 3493 3740 statutorum,
3537 3668 3588 3726 si

1132 3762 1296 3840 quid
1335 3767 1561 3822 cont-ra
1601 3760 2058 3822 ecclesiasticas
2099 3761 2429 3825 libertates
2468 3762 2836 3837 statuerint,
2880 3764 3412 3824 excommunices.

1466 3859 1624 3920 Volt.
1660 3859 1878 3936 ACap.
1910 3880 1972 3920 n.
2007 3859 2128 3920 192
2155 3860 2327 3937 oriq.

1134 4020 1280 4083 575.
3174 4020 3589 4098 (1212-1239).

1260 4117 1504 4178 Abbati
1546 4137 1593 4177 s,
1641 4115 1915 4196 Galgani
1957 4137 2035 4178 ex
2079 4121 2537 4196 compromisso
2579 4117 2825 4178 arbitro
2878 4118 3048 4180 inter
3104 4119 3359 4198 (Paga
3376 4122 3589 4194 num)

1137 4235 1242 4295 ep.
1287 4215 1462 4277 Vult.
1508 4221 1575 4276 et
1611 4235 1705 4293 ep.
1736 4215 2106 4275 Massanum
2131 4218 2177 4292 ⁴)
2223 4211 2540 4278 Corradus
2565 4215 2850 4278 sindicus
2874 4235 2974 4295 ep.
3006 4215 3181 4277 Vult.
3212 4215 3392 4287 dicit,
3420 4216 3594 4294 quod

1142 4313 1306 4374 med.
1353 4314 1546 4374 castri
1587 4311 1970 4374 Castillionis
2014 4312 2326 4373 Ber-nardi
2359 4333 2508 4374 cum
2537 4314 2686 4376 eccl.
2718 4332 2768 4375 s.
2799 4313 3031 4392 Reguli
3058 4319 3123 4374 et
3150 4311 3335 4393 plebe
3362 4312 3445 4374 de
3469 4312 3592 4373 Lu-

1290 4539 1329 4600 ¹)
1366 4538 1531 4587 Sonat
1563 4539 1661 4587 wie
1699 4539 1841 4587 oben.
1977 4539 2019 4599 ⁴³)
2058 4537 2169 4586 Des
2204 4536 2296 4586 IV
2331 4536 2770 4586 Lacerankonzils
2805 4553 2908 4586 von
2947 4538 3101 4588 1:215.
3222 4537 3265 4600 ³)
3302 4536 3416 4586 Seis
3441 4539 3594 4589 1:227.

1148 4626 1315 4688 Μαι
1336 4640 1449 4674 war
1470 4641 1526 4674 er
1552 4628 1688 4677 12:28
1717 4626 1830 4674 und
1858 4626 2024 4682 1229:
2049 4625 2150 4674 das
2175 4626 2412 4675 *Mandat
2449 4625 2628 4688 qehdrt
2664 4633 2797 4675 etwa
2823 4626 2886 4674 in
2910 4626 3016 4675 den
3041 4625 3171 4675 Mai
3197 4627 3351 4677 1228.
3426 4626 3469 4690 ⁴)
3505 4625 3600 4676 Al·

1150 4716 1257 4763 bort
1291 4714 1413 4763 oder
1448 4713 1797 4764 Hildebrand.
