4000 5700
1100 514 1545 570 REGESTUM
1582 515 2270 573 VOLATERRANUM
2810 521 2916 574 ⁶219

452 707 598 769 667.
2131 711 2412 790 Anaqni,
2458 713 2501 773 5
2539 714 2691 776 Juli
2731 714 2912 776 1256.

577 806 1045 869 Alexander
1085 808 1194 869 IV
1233 807 1462 869 abbati
1502 829 1553 869 s.
1599 810 1764 870 Iusti
1806 810 1984 871 Vult.
2085 810 2372 884 Mandat,
2403 813 2730 890 quatinus,
2768 832 2914 873 cum

457 903 848 982 mainerius)
890 903 1132 966 electus
1173 904 1351 967 Vult.
1396 907 1759 967 iuramento
1806 907 2193 985 promiserit,
2235 907 2412 986 quod
2465 928 2581 977 nec
2636 907 2917 970 alienata

464 1004 628 1063 bona
689 1004 1098 1082 episcopatus
1159 1006 1491 1065 revocaret
1536 1024 1646 1065 nec
1698 1011 2075 1083 recuperata
2138 1005 2468 1077 alienaret,
2525 1006 2914 1085 quibusdam

457 1102 1035 1163 communitatibus
1076 1107 1144 1163 et
1181 1104 1468 1181 personis
1511 1103 1752 1175 invitis,
1797 1105 2231 1165 iuramentum
2273 1106 2523 1166 irritum
2552 1106 2915 1167 denunciet.

458 1196 608 1258 «Ad
652 1198 1115 1260 audientiam».
1205 1200 1356 1259 Dat.
1401 1201 1693 1279 Anagnis
1737 1201 1842 1261 111
1884 1219 2033 1261 non.
2079 1199 2207 1272 iul.‚
2254 1209 2434 1280 pont.
2481 1201 2568 1262 II.

788 1294 943 1355 Volt.
976 1296 1032 1355 A
1048 1296 1214 1357 Vesc.
1245 1315 1297 1357 8.
1328 1296 1518 1358 XIII
1544 1297 1667 1358 dec.
1700 1297 1740 1359 6
1768 1319 1828 1357 n.
1858 1298 1940 1359 28
1967 1298 2139 1374 Oriq.
2175 1299 2391 1374 (Bane
2417 1299 2737 1375 verlcren).

459 1499 600 1560 668.
2097 1502 2378 1580 Anaqm',
2422 1502 2503 1563 10
2541 1502 2693 1565 Juli
2733 1502 2916 1564 1256.

581 1595 1047 1659 Alexander
1088 1597 1192 1657 IV
1238 1600 1545 1678 magistro
1587 1599 1845 1660 Ubaldo
1886 1599 2263 1679 cappellano
2304 1620 2441 1661 suo.
2525 1601 2680 1680 Ipsi,
2723 1621 2917 1680 quem

458 1712 576 1772 pro
604 1696 877 1773 negotiis
902 1697 1312 1775 episcopatus
1340 1695 1516 1756 Vult.
1549 1696 1634 1756 ad
1662 1702 1879 1775 partes
1898 1698 2127 1759 Tuscie
2148 1697 2541 1759 destinavit¹
2554 1703 2595 1774 ),
2626 1699 2916 1773 mandat,

460 1793 770 1870 quatinus
811 1792 1136 1870 procedat,
1183 1811 1312 1853 non
1354 1792 1768 1854 obstantibus
1813 1793 2190 1856 iuramentis
2231 1816 2271 1856 a
2316 1797 2672 1871 (Rainerio)
2714 1794 2921 1857 eleeto

460 1886 637 1949 Vult.
684 1890 986 1967 prestitis.
1071 1891 1281 1951 «Cum
1324 1895 1390 1950 te
1410 1910 1456 1950 ι).
1543 1891 1693 1950 Dat.
1740 1890 2032 1970 Anagnis
2076 1892 2167 1953 VI
2210 1891 2295 1952 id.
2338 1892 2474 1966 iul.‚
2517 1898 2700 1970 pont.
2747 1891 2835 1952 11.

793 1984 946 2046 Volt.
977 1986 1214 2049 AVesc.
1241 2007 1294 2047 s.
1325 1986 1514 2047 XIII
1542 1987 1666 2048 dec.
1700 1989 1739 2047 6
1764 2008 1827 2048 n.
1859 1989 1940 2049 29
1968 1988 2138 2065 Θήρ.
2170 1989 2378 2067 (Bane
2418 1990 2737 2066 verloren).

463 2191 599 2252 669.
2099 2192 2381 2269 Anauni,
2424 2192 2503 2253 11
2544 2192 2697 2254 Juli
2737 2193 2916 2253 1256.

584 2287 782 2349 Alex
798 2309 832 2347 a
852 2309 895 2347 n
911 2288 1003 2348 de
1019 2307 1050 2348 r
1078 2287 1183 2349 IV
1212 2288 1584 2349 Florentino
1607 2289 1675 2364 ¹),
1710 2291 1971 2351 Lucano
1994 2292 2064 2366 ³),
2088 2288 2473 2351 Vulterrano
2491 2294 2560 2367 ⁴),
2584 2290 2850 2351 Senensi
2871 2293 2917 2367 ὃ)

462 2387 776 2467 episcopis
818 2394 885 2447 et
926 2386 1107 2448 cleris
1149 2386 1471 2448 dictarum
1510 2387 1677 2448 dioc.
1775 2388 2062 2461 Querelis
2119 2388 2377 2450 abbatis
2427 2394 2498 2449 et
2548 2389 2920 2450 monasterii

462 2505 512 2545 s.
553 2483 754 2545 Marie
796 2484 877 2545 de
917 2488 1217 2547 Morrona
1268 2491 1630 2546 commotus
1686 2487 1978 2558 mandat,
2040 2485 2349 2565 quatinus
2403 2488 2731 2548 invasores
2782 2487 2920 2548 eius

462 2585 1039 2644 excommunicent.
1122 2605 1149 2642 «
1169 2582 1318 2643 Non
1347 2581 1590 2662 absque
1617 2604 1662 2643 ι).
1747 2583 1901 2644 Dat.
1934 2584 2223 2663 Anagnie
2243 2584 2301 2645 V
2331 2584 2416 2645 id.
2447 2584 2581 2655 iul.‚
2611 2591 2793 2663 pont.
2826 2584 2916 2645 H.

795 2680 950 2742 Volt.
994 2680 1235 2741 AVesc.
1279 2680 1454 2775 App.
1495 2700 1546 2741 s.
1591 2680 1781 2741 XIII
1823 2701 1887 2741 n.
1932 2681 1972 2740 5
2014 2680 2187 2759 Oriq.
2229 2682 2438 2759 (Bulla
2464 2682 2753 2743 verloren.
2785 2683 2921 2759 Aul

781 2779 887 2839 der
940 2777 1270 2839 Rilckseite
1323 2776 1785 2857 Camaldulen).

462 2985 604 3049 670.
2065 2987 2278 3057 Siena,
2322 2987 2401 3046 19
2441 2986 2698 3047 Oktober
2741 2987 2918 3048 1256.

586 3081 942 3144 Rollandus
983 3084 1089 3162 qd.
1135 3082 1549 3162 Bonsignoris
1588 3067 1750 3145 civis
1789 3091 1856 3145 et
1898 3090 2218 3145 mercator
2260 3084 2402 3146 Sen.
2445 3104 2564 3163 pro
2604 3104 2672 3145 se
2711 3091 2779 3145 et
2813 3085 2919 3145 he-

464 3180 722 3242 redibus
765 3180 871 3259 qd.
916 3180 1229 3242 Bonifatii
1270 3182 1683 3260 Bonsignoris
1720 3181 1959 3254 fratris,
2003 3184 2313 3243 societate
2353 3191 2420 3244 et
2459 3183 2665 3255 sociis,
2710 3188 2778 3243 et
2817 3182 2918 3243 Ia·

465 3278 662 3341 cobus
681 3278 988 3340 Rainaldi
1007 3286 1077 3340 et
1095 3277 1543 3340 Christofonus
1568 3279 1902 3341 Tholomei
1924 3282 2098 3342 cives
2119 3286 2187 3341 et
2216 3287 2602 3343 mercatores
2629 3280 2773 3342 Sen.
2805 3300 2921 3361 pro

462 3395 551 3449 se,
579 3375 921 3439 heredibus
961 3377 1115 3439 olim
1156 3376 1596 3439 Bar-tholomei
1637 3377 2031 3440 Christofani
2071 3376 2151 3437 de
2192 3378 2574 3450 Tholomeis,
2612 3380 2920 3439 societate

464 3480 529 3535 et
557 3475 743 3535 sociis
770 3478 1281 3554 prorogaverunt
1307 3474 1702 3536 Rainerio
1742 3473 1919 3535 Vult.
1965 3473 2170 3536 electo
2209 3477 2556 3536 terminum
2585 3475 2922 3536 solutionis

465 3573 672 3635 flende
711 3572 862 3635 hinc
903 3572 988 3634 ad
1027 3570 1153 3634 kal.
1196 3578 1385 3634 mart.
1429 3581 1497 3634 et
1538 3573 1774 3635 abinde
1817 3574 1900 3634 ad
1944 3573 2014 3634 II
2056 3592 2261 3634 annos
2298 3573 2379 3634 de
2433 3572 2767 3635 MMMMD
2808 3573 2917 3635 lib.

463 3671 607 3732 den.
638 3671 785 3733 Sen.
816 3671 1069 3745 minut.,
1100 3673 1214 3750 qui
1240 3677 1495 3733 restant
1519 3671 1602 3733 de
1631 3671 2155 3735 MMMMMMDC
2182 3671 2315 3745 lib.‚
2344 3673 2410 3731 in
2441 3670 2676 3750 quibus
2703 3673 2795 3732 eis
2819 3677 2922 3733 est

466 3768 786 3849 obligatus
806 3774 988 3830 carta
1007 3768 1223 3848 Egidii
1251 3768 1361 3848 qd.
1392 3768 1767 3843 Guasconis,
1795 3768 1956 3831 data
1984 3767 2297 3840 MGCLII,
2328 3769 2460 3830 ind.
2490 3768 2613 3840 XI,
2638 3768 2744 3829 III
2766 3789 2918 3832 non.

464 3872 654 3927 mart.
680 3868 752 3942 ⁸),
794 3868 952 3927 item
993 3866 1079 3927 ad
1120 3868 1396 3928 eundem
1437 3868 1785 3928 terminum
1829 3867 1911 3928 de
1953 3866 2363 3928 MMMMMM
2403 3866 2512 3927 lib.
2568 3866 2716 3927 den.
2773 3865 2917 3938 Sen.

465 3965 719 4038 minut.,
749 3965 813 4023 in
842 3963 1078 4042 quibus
1103 3973 1202 4024 est
1230 3966 1319 4024 eis
1347 3963 1672 4046 obligatus
1699 3970 1880 4025 carta
1909 3964 2142 4044 Egidii,
2173 3961 2333 4025 data
2364 3962 2754 4037 MCCLIIII,
2783 3963 2918 4027 ind.

465 4060 624 4134 XII,
653 4058 779 4122 kal.
811 4067 999 4140 sept„
1026 4068 1094 4122 et
1122 4063 1551 4142 promiserunt
1578 4060 1777 4124 nichil
1801 4067 2021 4142 petere
2049 4081 2164 4140 pro
2191 4081 2378 4141 pena,
2409 4062 2729 4141 dampniS,
2756 4062 2919 4123 inte-

466 4176 655 4233 resse,
677 4160 992 4238 expensis,
1022 4158 1490 4220 accessionibus
1519 4177 1635 4237 pro
1662 4178 1757 4230 eo,
1789 4158 1961 4239 quod
1990 4177 2240 4220 summe
2267 4178 2396 4220 non
2417 4157 2684 4221 fuerunt
2702 4160 2769 4219 in
2793 4167 2920 4221 ter·

610 4381 652 4446 ¹)
694 4370 836 4432 Uber
867 4382 1012 4433 dieve
1048 4381 1466 4446 Anqdeqenheit
1504 4383 1575 4431 iae
1611 4382 1962 4446 einqehender
1999 4398 2024 4432 (ι
2042 4382 2263 4432 Bistam
2297 4381 2413 4432 und
2450 4381 2876 4442 Geldwiruchaft
2893 4395 2919 4430 ο

461 4473 537 4524 II
571 4472 674 4524 301
713 4471 1007 4536 usstandan.
1143 4472 1186 4534 ⁸)
1222 4470 1482 4521 Iohanni.
1619 4469 1663 4532 ³)
1701 4470 1961 4521 Hem-ico,
2115 4473 2158 4533 ⁴)
2183 4470 2468 4521 Rainerio.
2616 4467 2661 4535 ι)
2687 4472 2914 4522 Thome.

465 4560 510 4625 ⁸)
548 4562 687 4613 1253
725 4561 887 4611 Man
924 4562 984 4618 5,·
1021 4559 1306 4624 verqleiche
1332 4559 1464 4612 aber
1487 4561 1632 4610 dioec
1657 4559 1887 4610 Anteihe
1912 4560 2028 4610 und
2054 4559 2356 4624 abet-haupt
2378 4559 2510 4611 iiber
2531 4561 2634 4611 das
2663 4562 2728 4611 in
2748 4560 2918 4612 siena

462 4649 598 4702 AB&
635 4648 945 4710 &findlicho
982 4648 1247 4699 Mater-iol
1281 4649 1378 4709 fiir
1411 4649 1500 4698 die
1536 4649 1915 4711 Beziohtmqm
1951 4649 2186 4698 Bainun
2221 4664 2292 4697 zu
2326 4649 2433 4698 den
2470 4649 2700 4700 Baskon
2734 4650 2913 4698 Buon-

462 4738 672 4802 eiqnori
706 4738 820 4788 und
858 4737 1099 4786 Tolomei
1134 4738 1195 4786 in
1231 4737 1401 4786 Sinna
1438 4737 1696 4787 ‹Bistum
1747 4737 1859 4785 und
1912 4736 2374 4797 Geldwirtschajt»
2411 4738 2482 4787 II
2522 4738 2771 4788 291-300.
