4000 5700
1088 528 1161 581 24
1623 600 1629 608 .
1734 523 2180 579 REGESTUM
2217 524 2906 580 VOLATERRANUM

1075 720 1354 783 ‘Bonilde
1398 723 1645 801 integra
1686 725 1859 781 sorte
1899 721 1966 780 in
2006 720 2148 780 1030
2190 720 2411 779 Monte
2452 738 2649 798 prope
2693 720 2845 780 villa
2879 718 2962 779 de
2991 718 3296 791 CabianO,
3339 739 3389 780 r.
3434 741 3547 799 per

1084 819 1191 899 qd.
1233 819 1501 880 Lumaoi
1527 837 1715 879 mass.
1739 824 1807 879 et
1826 837 1996 878 nunc
2018 836 2132 895 per
2151 816 2383 878 Petrus
2405 836 2617 889 mass„
2642 836 2759 895 pro
2781 836 2957 896 pens.
2981 835 3199 877 annua
3219 818 3286 878 in
3313 827 3546 897 agusto

1084 937 1213 995 arg.
1255 916 1400 977 den.
1430 916 1600 977 VIII
1628 916 1690 977 b.
1720 935 1865 994 exp.
1908 915 2118 994 qualis
2159 934 2273 993 per
2314 921 2512 993 temp.
2544 934 2622 985 0.,
2652 921 2730 975 ut
2759 913 2867 974 lib.
2896 933 3069 975 nom.
3099 914 3339 975 habeas
3379 923 3446 976 et
3473 916 3544 976 li-

1084 1017 1363 1076 centiam
1406 1013 1600 1074 libelli
1628 1014 1693 1073 in
1724 1014 1999 1073 minores
2030 1011 2454 1082 laboratores,.
2485 1014 2597 1092 qui
2624 1012 2897 1091 desuper
2923 1016 3095 1072 terra
3121 1012 3420 1084 resident,
3450 1013 3542 1073 fa·

1082 1112 1310 1184 ciendi;
1373 1131 1520 1190 pen.
1584 1131 1718 1190 arg.
1782 1110 1897 1171 sol.
1964 1109 2251 1170 XXXX.
2355 1110 2594 1170 Actum
2649 1109 2999 1171 Voloterre.
3101 1110 3406 1171 Anse1mo
3459 1132 3540 1171 33.

1084 1209 1143 1270 S.
1170 1201 1274 1270 ιιι.
1333 1210 1611 1270 Martini.
1681 1207 2085 1269 Rainbaldus
2115 1208 2526 1286 archipresb.
2583 1207 2956 1268 Camerinus
3009 1208 3226 1269 levita.
3279 1209 3541 1269 Ermen-

1081 1308 1296 1368 dricus
1336 1306 1545 1386 presb.
1588 1312 1655 1366 et,
1696 1325 1838 1366 can.
1885 1292 2116 1366 Petrus
2158 1305 2365 1384 presb.
2410 1311 2478 1366 et
2518 1325 2657 1366 can.
2703 1305 3010 1366 Adelmus
3048 1306 3442 1383 primicerius
3475 1313 3543 1366 et

1081 1424 1223 1466 can.
1266 1405 1498 1465 Petrus
1538 1424 1637 1482 ep.
1676 1423 1761 1464 ss.
1807 1403 1869 1465 S.
1914 1423 1999 1463 m.
2047 1403 2243 1464 Uuidi
2283 1402 2327 1463 f.
2374 1403 2437 1464 b.
2482 1423 2564 1464 m.
2602 1403 2959 1481 Teudinghi
2987 1405 3097 1482 qui
3126 1403 3358 1464 Teutio
3399 1422 3538 1464 voc.

1083 1510 1163 1574 tt.
1205 1501 1549 1563 'retbertus
1577 1501 1770 1562 iudex
1812 1504 1944 1580 inp.
1994 1521 2077 1561 ss.
2123 1500 2355 1562 Petrus
2394 1507 2531 1562 not.
2577 1503 2707 1580 inp.
2753 1506 2831 1561 tt.
2876 1520 2958 1561 ss.
3004 1500 3068 1562 S.
3112 1520 3195 1561 m.
3238 1500 3542 1579 Teuperti

1084 1601 1196 1679 qui
1250 1600 1440 1662 Tetio
1492 1620 1632 1660 voc.
1687 1599 1733 1660 f.
1794 1599 1854 1659 b.
1912 1618 1995 1683 ¹¹}-
2056 1598 2325 1660 Grasolfi
2381 1604 2458 1660 tt..
2506 1598 2735 1659 Petrus
2777 1598 2968 1658 iudex
3012 1599 3143 1676 inp.
3188 1618 3271 1660 ss.
3376 1597 3540 1658 Ghe·

1084 1699 1310 1760 rardus
1354 1704 1487 1759 not.
1525 1699 1668 1776 inp.

1410 1796 1569 1857 Volt.
1615 1796 1837 1874 ACap.
1883 1816 1945 1855 n.
1978 1794 2060 1856 33
2102 1794 2273 1872 Oriq.

1082 1994 1182 2054 68.
2553 1991 2849 2059 Volterra,
2891 1989 2970 2049 11
3012 1989 3358 2067 September
3398 1988 3536 2050 983.

1201 2089 1361 2152 Otto
1403 2091 1534 2168 inp.
1581 2089 1810 2152 Ottoni
1851 2091 1982 2168 inp.
2031 2088 2091 2149 b.
2138 2108 2220 2149 m.
2262 2089 2310 2149 f.
2355 2108 2413 2148 a.
2447 2088 2628 2160 XVI,
2659 2089 2852 2149 tertio
2882 2088 2965 2148 id.
2994 2094 3178 2165 sept„
3216 2087 3347 2148 ind.
3379 2087 3534 2148 XII.

1078 2188 1373 2249 Petrus
1428 2188 1638 2249 Volot.
1694 2207 1795 2267 ep.
1852 2187 1958 2247 lib.
2019 2206 2190 2248 nom.
2246 2187 2331 2247 (10
2390 2186 2772 2247 Dominicho
2827 2185 3035 2263 presb.
3090 2185 3138 2247 f.
3180 2186 3380 2246 Ildit-ii
3417 2187 3536 2247 313-

1078 2288 1246 2348 ricus
1286 2287 1537 2365 integra
1575 2306 1745 2357 casa,
1788 2292 1959 2347 sorte
1998 2292 2068 2346 et.
2108 2285 2296 2346 rebus
2341 2305 2526 2346 mass.
2557 2287 2624 2346 in
2665 2286 2804 2346 loco
2826 2284 3067 2357 Valle,
3050 2304 3177 2345 iam
3208 2305 3255 2346 r.
3286 2305 3400 2363 per
3426 2286 3557 2364 qd..

1077 2383 1209 2444 Leo
1249 2383 1458 2461 praeb.
1502 2389 1571 2444 et.
1611 2403 1780 2443 nunc
1822 2403 1935 2462 per
1975 2389 2062 2452 te.
2106 2390 2378 2461 excepto
2418 2384 2678 2453 olivet0,
2725 2391 2794 2442 ut
2842 2383 2908 2441 in
2946 2381 3094 2443 fest.
3138 2401 3186 2441 3.
3231 2383 3428 2443 Marie
3473 2385 3534 2443 in

1078 2488 1311 2560 agusto
1332 2481 1545 2541 solvas
1566 2500 1847 2541 annuam
1871 2500 2049 2559 pens.
2074 2500 2205 2559 arg.
2229 2481 2375 2541 den.
2399 2480 2670 2541 duodeci
2693 2479 2754 2540 b.
2785 2499 2929 2559 exp.
2961 2481 3169 2558 qualis
3196 2500 3309 2559 per
3337 2488 3535 2558 temp.

1079 2598 1160 2651 o.;
1204 2579 1462 2639 decesso
1505 2585 1572 2640 13
1613 2598 1763 2640 casa
1802 2579 2106 2640 deveniat
2149 2578 2257 2638 lib.
2290 2599 2460 2640 nom.
2506 2579 2572 2638 in
2600 2577 2947 2638 Lamberm
2980 2578 3027 2638 f.
3057 2578 3284 2640 Teutie
3311 2586 3380 2640 et
3407 2582 3538 2640 suis
3578 2561 3589 2571 ⁸

1078 2696 1179 2756 gg.
1223 2675 1307 2736 ad
1349 2677 1625 2738 eundem
1667 2696 1961 2749 censum;
2006 2697 2152 2754 pen.
2197 2696 2328 2758 arg.
2373 2676 2483 2737 sol.
2529 2676 2599 2735 L.
2687 2676 2832 2736 Act.
2878 2675 3223 2737 Voloterre.
3306 2676 3537 2737 Petrus

1075 2795 1177 2853 ep.
1243 2794 1322 2835 ss.
1383 2776 1757 2836 Dominicus
1814 2775 2018 2855 presb.
2077 2796 2156 2834 33.
2217 2775 2449 2836 Petrus
2503 2780 2636 2834 not.
2698 2774 2826 2853 inp.
2885 2779 2964 2834 tt.
3027 2773 3254 2834 Petrus
3312 2781 3392 2835 tt.
3453 2795 3533 2835 ss.

1074 2872 1135 2933 S.
1185 2893 1264 2933 in.
1310 2874 1499 2934 Atitii
1540 2875 1584 2934 f.
1631 2874 1691 2934 b.
1737 2894 1820 2934 m.
1880 2874 2250 2937 Suaverichi
2306 2880 2385 2934 tt.
2448 2873 2677 2934 Petrus
2734 2874 2925 2933 iudex
2984 2874 3114 2951 inp.
3160 2892 3242 2934 ss.
3368 2872 3530 2933 Ghe-

1077 2971 1305 3032 rardus
1348 2979 1483 3032 not.
1529 2974 1660 3051 inp.

1406 3069 1563 3132 Volt.
1614 3069 1849 3133 AVesc.
1895 3088 1943 3130 ε.
1976 3069 2042 3129 Χ
2082 3069 2206 3129 dec.
2244 3071 2279 3130 7
2321 3090 2381 3129 n.
2414 3069 2453 3129 2
2494 3068 2665 3146 Oriq.

1073 3265 1173 3325 69.
2529 3292 2538 3302 ·
2695 3311 2698 3314 ¹
2749 3263 3044 3337 volte-ra,
3087 3266 3126 3327 6
3168 3265 3352 3325 Mdv-z
3393 3265 3530 3327 985.

1192 3351 1677 3425 Nonientesimo
1705 3368 1746 3440 ¹)
1791 3366 2041 3442 quinto,
2086 3362 2289 3441 pridie
2330 3382 2536 3424 nonus
2565 3370 2778 3435 mart„
2809 3364 2938 3424 ind.
2983 3363 3175 3424 XIII.
3261 3364 3531 3424 Anscl-

1074 3480 1241 3521 mus
1283 3461 1624 3522 archidiac.
1669 3469 1735 3523 et
1775 3463 2139 3540 prepositus
2178 3480 2228 3521 s.
2275 3460 2609 3523 Ottabiani
2654 3462 2760 3522 liv.
2809 3481 2977 3522 nom.
3022 3461 3207 3522 firmo
3258 3460 3528 3522 Iohanni

1070 3558 1118 3619 f.
1164 3559 1223 3620 b.
1268 3580 1353 3620 m.
1398 3560 1647 3639 sighitii
1690 3566 1758 3621 et
1798 3560 1930 3620 Leo
1969 3560 2014 3620 f.
2062 3558 2125 3620 b.
2169 3580 2252 3620 m.
2297 3560 2455 3620 item
2498 3560 2608 3619 Lei
2649 3562 2894 3638 petiam
2938 3566 3102 3620 terre
3143 3560 3290 3620 3331.
3333 3560 3532 3638 ipsius

1072 3659 1140 3717 in
1183 3656 1322 3717 loco
1361 3656 1683 3729 Corrente,
1727 3663 2000 3736 excepta
2043 3665 2229 3729 terra,
2260 3677 2440 3736 quae
2483 3663 2664 3744 tenet
2706 3658 2772 3718 in
2829 3663 2998 3718 terra
3038 3657 3119 3717 de
3166 3657 3278 3717 filii
3337 3656 3400 3717 b.
3443 3677 3528 3717 m.

1070 3754 1369 3817 Siohelmi
1410 3762 1479 3816 et
1518 3756 1583 3816 in
1628 3763 1797 3817 terra
1838 3755 1947 3834 qd.
1993 3754 2302 3816 Gherardi
2331 3774 2544 3816 comes
2568 3758 2616 3832 ²)
2659 3761 2727 3816 et
2755 3758 2820 3815 in
2850 3762 3020 3816 terra
3046 3755 3127 3815 de
3155 3756 3303 3815 eccl.
3334 3776 3383 3814 s.
3416 3754 3527 3817 Ot-

1072 3852 1340 3925 tabiani,
1385 3860 1460 3913 ut
1500 3855 1749 3915 cassina
1789 3859 1857 3914 et
1899 3854 2214 3914 edifitium
2243 3853 2497 3913 faciatis
2525 3859 2593 3922 et,
2619 3856 2685 3914 in
2715 3854 2858 3914 fest.
2891 3873 2939 3914 s.
2972 3853 3171 3913 Μαι-13
3205 3855 3270 3914 in
3300 3859 3530 3933 agusto

1067 3950 1336 4011 solvatis
1377 3971 1660 4012 annuam
1700 3970 1858 4028 pens
1886 3970 2019 4029 arg.
2049 3950 2195 4011 den.
2227 3951 2497 4012 duodeci
2529 3951 2590 4011 b.
2621 3972 2768 4030 exp.
2812 3951 3020 4031 qualis
3061 3970 3173 4029 per
3215 3957 3413 4030 temp.
3443 3970 3526 4022 o.;

1069 4067 1216 4126 pen.
1261 4068 1391 4127 arg.
1436 4049 1548 4109 sol.
1595 4048 1818 4109 XXX.
1902 4049 2048 4108 Act.
2093 4050 2425 4111 Voloterre
2467 4052 2642 4110 intus
2684 4049 2897 4113 domo.
2983 4049 3286 4109 Anselmo
3326 4048 3527 4109 archi·

1069 4145 1232 4206 diac.
1277 4166 1357 4206 ss.
1403 4145 1465 4206 S.
1514 4167 1597 4206 m.
1642 4146 1927 4208 «Iohanni
1970 4154 2036 4207 et
2078 4149 2209 4209 Lei.
2260 4146 2662 4207 Rainbaldus
2703 4146 3087 4226 archipresb.
3131 4145 3277 4206 Allo
3319 4145 3526 4225 presb.

1069 4250 1137 4303 et
1178 4263 1318 4304 can.
1362 4244 1815 4304 Ermendricus
1865 4245 2071 4322 presb.
2116 4251 2182 4305 et
2227 4265 2367 4305 ⁰an.
2413 4245 2703 4305 Andreas
2757 4244 2967 4323 presb.
3011 4249 3079 4304 et.
3118 4263 3260 4304 can.
3303 4243 3530 4304 Albizo

1069 4343 1268 4402 levita
1309 4348 1374 4402 et
1417 4362 1555 4402 can.
1602 4342 1831 4404 Petrus
1873 4343 2166 4404 sacerdos
2207 4350 2275 4404 et
2317 4363 2457 4406 can.
2493 4343 2810 4404 Rodulfus
2838 4363 2978 4404 can.
3009 4348 3078 4403 et.
3118 4342 3336 4403 levita.
3380 4342 3525 4402 Tet-

1214 4566 1252 4627 ¹)
1286 4566 1675 4632 octuagesimo
1706 4583 1772 4617 zu
1803 4572 2078 4629 erarium,
2113 4568 2207 4617 wie
2240 4568 2325 4617 die
2365 4567 2580 4617 Namen
2617 4568 2705 4617 des
2733 4567 3120 4617 Archidt'acons
3145 4568 3371 4616 Amelm
3409 4567 3522 4615 und

1070 4654 1159 4703 der
1197 4653 1421 4714 abr-imm
1456 4671 1767 4706 zusammen
1813 4656 1912 4706 mit
1961 4657 2051 4706 der
2097 4656 2374 4707 Indiction
2421 4657 2698 4718 zwinqmd
2733 4656 2999 4706 beweisen.
3149 4657 3191 4716 2)
3237 4656 3356 4705 Aue
3405 4655 3522 4704 dem

1075 4742 1256 4792 Haase
1295 4742 1668 4795 Gherardeoca.
