4000 5700
1141 499 1243 551 196
1786 497 2229 554 REGESTUM
2269 500 2952 554 VOLATERRANUM

1137 694 1514 756 Geminiano
1542 695 1606 773 ¹).
1653 694 2045 757 Reservetur
2083 693 2476 756 cellensibus
2521 695 2872 756 iurisdictio
2915 697 2995 757 de
3035 698 3357 760 Lucciano
3381 703 3446 759 et
3474 699 3594 761 Ga·

1135 792 1412 853 vallano.
1455 792 1749 854 Licentia
1784 794 1873 854 sit
1912 795 1978 853 in
2020 793 2353 872 pendenti,
2398 794 2600 855 donec
2645 794 2868 856 eadem
2913 794 3074 856 data
3118 802 3286 857 esset
3337 799 3598 859 comuni

1136 889 1218 951 de
1256 889 1427 952 Colle
1468 910 1508 950 a
1549 890 1819 951 Comuni
1861 889 2088 953 Sancti
2126 890 2512 952 Geminiani.
2612 891 2849 952 Actum
2906 893 2974 953 in
3027 891 3215 972 plebe
3269 892 3349 953 de
3400 893 3596 956 Colle.

1134 987 1620 1049 Buonafidanza
1658 990 2009 1049 camerario
2049 990 2360 1049 comunis.
2393 988 2815 1067 Borgognone
2846 990 3233 1068 Ravignani.
3261 991 3598 1053 Arnolfino

1134 1084 1313 1146 Ciani
1355 1084 1606 1146 Pellicie
1649 1090 1729 1146 tt.
1814 1085 2093 1148 Iacobus
2133 1083 2388 1147 Oderici
2428 1084 2727 1147 Bellundi
2758 1107 2799 1147 a
2824 1087 3008 1148 Fred.
3041 1089 3194 1168 imp.
3226 1088 3417 1148 iudex
3452 1091 3597 1151 ord.

1133 1185 1202 1242 et
1240 1200 1411 1244 nunc
1452 1182 1650 1243 etiam
1691 1202 1811 1262 pro
1850 1184 2110 1244 comuni
2149 1182 2390 1262 scripsi.
2477 1184 2812 1244 Barluzius
2839 1189 2971 1245 not.
3003 1183 3314 1263 Publione.
3347 1186 3594 1247 Palme-

1134 1280 1264 1340 rius
1303 1286 1439 1342 not.
1483 1279 1778 1358 publicus
1818 1287 1886 1342 et
1934 1300 2106 1343 nunc
2155 1282 2465 1343 comunis.
2516 1280 2891 1361 Pelagottus
2941 1289 3076 1345 not.
3130 1282 3436 1362 publicus.
3472 1284 3595 1344 Mi-

1133 1376 1311 1438 chael
1350 1377 1544 1439 iudex
1585 1380 1885 1459 idemque
1928 1378 2206 1440 tabellio.
2253 1380 2475 1442 Samus
2516 1384 2649 1442 not.
2693 1378 2986 1458 publicus
3028 1399 3106 1441 ss,

1452 1474 1629 1536 Colle
1670 1475 1905 1537 Aeom.
1948 1477 2470 1537 Instrumentario
2513 1477 2552 1537 I
2592 1477 2652 1537 8‘
2695 1475 2849 1554 Cep.
2892 1497 2943 1537 3.
2973 1476 3164 1536 XIII
3192 1478 3349 1538 med.
3436 1478 3592 1555 Req.

1453 1572 1669 1634 Lisini
1710 1573 1847 1633 192.

1136 1765 1274 1826 579.
2299 1766 2436 1828 San
2479 1767 2878 1845 Gimiqnano,
2921 1767 3000 1828 31
3042 1768 3366 1829 Dezemher
3404 1769 3588 1830 1239.

1247 1863 1842 1938 MOCXXXVIIII,
1868 1866 1996 1927 ind.
2023 1865 2219 1936 XIII,
2247 1865 2479 1927 ultima
2509 1866 2645 1925 dec.
2716 1864 3264 1926 Ardiccionus
3304 1866 3385 1926 de
3411 1866 3596 1927 Luca

1129 1959 1418 2023 Sancti
1470 1963 1944 2024 Geminiani
1996 1967 2381 2040 potestas
2436 1961 2606 2023 dixit
2659 1968 2727 2023 et
2774 1961 3069 2022 laudavit
3123 1962 3209 2022 ad
3249 1982 3395 2042 pen.
3437 1963 3594 2026 000

1129 2057 1231 2118 lib.
1275 2057 1418 2119 den.
1462 2057 1586 2118 Pis,
1636 2063 1786 2131 vet„
1830 2078 1912 2120 ne
1950 2057 2249 2120 homines
2291 2058 2373 2119 de
2402 2058 2642 2119 Casolis
2682 2058 2863 2120 litem
2891 2064 3200 2120 moveant
3225 2061 3482 2120 comuni
3517 2068 3589 2121 et·

1126 2154 1492 2217 hominibus
1532 2155 1614 2216 de
1655 2151 2049 2235 Berignona.
2124 2156 2273 2216 Act.
2303 2156 2370 2215 in
2399 2162 2611 2216 castro
2638 2156 2859 2218 Sancti
2896 2155 3258 2218 Geminiani
3283 2158 3348 2217 in
3390 2158 3590 2219 domo

1128 2252 1399 2315 filiorum
1442 2253 1552 2332 qd.
1595 2252 1901 2332 Gregorii.
2006 2252 2337 2314 Marchese
2390 2252 2598 2314 iudice
2653 2253 2960 2314 comunis.
3016 2253 3191 2314 Dato
3238 2254 3591 2316 schutifero

1127 2348 1539 2411 ArdiccioniS.
1584 2347 1996 2428 Boninsegna
2038 2349 2319 2411 Fidanze
2362 2354 2438 2408 tt.
2524 2348 2828 2410 Cambius
2865 2355 3004 2410 not.

1456 2446 1616 2507 Volt.
1650 2446 1888 2508 AVa-sc.
1920 2466 1971 2507 3.
2001 2445 2193 2506 XIII
2218 2447 2345 2506 dec.
2379 2447 2417 2506 4
2444 2465 2508 2505 π.
2540 2446 2620 2506 45
2647 2445 2802 2524 Cep.
2831 2466 2881 2507 3.
2912 2445 3104 2506 XIII
3132 2467 3224 2509 ex.

1129 2646 1266 2704 580.
2473 2642 2873 2720 Poqyibomi,
2920 2642 3075 2720 (1-8)
3117 2643 3374 2705 Januar
3401 2644 3583 2705 1240.

1246 2740 1719 2803 Fridericus
1760 2743 1843 2803 II
1886 2740 2041 2818 imp.
2073 2741 2337 2802 nuntiat
2366 2760 2435 2802 se
2464 2739 2855 2800 Pandulfum
2885 2740 2965 2800 de
2993 2738 3331 2802 Fasanella
3352 2741 3583 2802 Tuscie

1127 2842 1536 2919 capitaneum
1576 2839 1934 2920 generalem
1976 2840 2348 2901 instituisse.

1443 2946 1617 3010 Colle
1651 2947 1886 3008 ACom.
1925 2946 2444 3008 Instrumentario
2472 2945 2512 3005 I
2539 2947 2579 3007 9
2633 2946 2788 3023 Cop.
2834 2965 2880 3007 3.
2924 2944 3114 3005 XIII
3154 2946 3310 3008 med.
3355 2946 3582 3007 Arezzo

1444 3046 1666 3124 AGap.
1697 3045 1851 3123 Cop.
1880 3065 1999 3106 von
2029 3045 2208 3106 1242.
2292 3043 2453 3104 Edd.
2496 3043 2947 3104 Rana-Camici
2983 3043 3079 3105 VI
3105 3043 3205 3104 37.
3248 3042 3578 3105 Huillard-

1443 3144 1762 3206 Breholles
1799 3143 1848 3203 V
1880 3143 2020 3203 650.
2049 3142 2263 3203 Lisini
2304 3141 2447 3203 193.
2480 3141 2630 3220 Req.
2662 3140 2980 3203 B.-F.-W.
3010 3141 3192 3203 2691.
3231 3141 3579 3218 Varqleiclze

1442 3243 1668 3305 Ficker
1706 3241 2149 3318 Forschunqen
2177 3239 2257 3300 ΙΙ
2286 3239 2426 3300 519.
2518 3240 2644 3301 Die
2681 3239 2945 3316 Vorlaqe
2972 3238 3181 3300 Reme
3217 3241 3260 3316 (‘
3281 3239 3580 3301 Sci-ictum

1447 3340 1545 3402 del
1573 3339 1911 3401 Gamerotto
1938 3359 1974 3398 ο
2011 3338 2305 3399 ΑνσΙιίυίο
2345 3337 2591 3416 publico
2617 3338 2687 3397 di
2724 3337 2906 3410 Volt„
2950 3356 3061 3414 per
3100 3336 3163 3397 la
3202 3338 3456 3398 oortaeia
3482 3337 3582 3397 del

1447 3437 1553 3516 9302
1579 3444 1862 3498 avvocato
1889 3438 2156 3497 Lorenzo
2184 3434 2416 3497 Oscina
2440 3436 2476 3506 ²,
2519 3435 2704 3506 nicht,
2748 3435 2861 3496 wie
2901 3433 3220 3494 B.-F.-W.
3262 3434 3442 3504 2691,
3478 3435 3579 3495 die

1444 3535 1598 3613 Cop.
1642 3538 1714 3598 in
1758 3535 2004 3609 Arezzo)
2050 3534 2321 3595 existiert
2360 3532 2530 3596 nicht
2575 3533 2761 3602 mehr,
2809 3533 3013 3610 solem
3069 3532 3237 3594 nicht
3274 3532 3353 3591 R.
3396 3532 3578 3592 selb3t

1441 3653 1560 3694 aus
1609 3632 1909 3693 Ver3elzen
1953 3634 2089 3693 eine
2126 3630 2353 3709 saleche
2401 3631 2657 3706 Anqabe
2700 3630 2970 3707 qemacht
3010 3629 3133 3690 hat.

1126 3824 1263 3881 581.
2723 3817 2910 3888 Colle,
2954 3818 3034 3878 24
3075 3816 3353 3877 Februar
3392 3816 3574 3876 1240.

1243 3919 1652 4001 Privilegium
1697 3919 1749 3978 P
1764 3938 1861 3979 an
1875 3918 1975 3978 du
1994 3918 2090 3978 lsi
2145 3917 2189 3976 d
2204 3935 2239 3979 e
2296 3916 2350 3976 F
2365 3936 2404 3976 a
2419 3936 2449 3975 s
2468 3938 2504 3977 a
2518 3937 2562 3977 n
2577 3936 2611 3976 e
2625 3916 2679 3975 ll
2699 3936 2755 3983 a,
2799 3914 3121 3993 capitanei
3160 3913 3465 3992 generalis
3505 3914 3574 3974 in

1120 4017 1371 4089 Tuscia,
1412 4035 1531 4094 pro
1571 4016 1829 4076 comuni
1870 4014 1950 4074 de
1992 4015 2186 4075 Colle.

1441 4111 1618 4173 Colle
1660 4110 1894 4171 ACom.
1941 4111 2458 4171 Instrumentario
2501 4110 2538 4169 I
2581 4110 2658 4170 11
2702 4109 2856 4186 Cep.
2900 4128 2949 4169 3.
2981 4108 3170 4167 XIII
3197 4108 3350 4169 med.
3381 4107 3577 4169 Siena

1444 4209 1595 4271 Ast.
1643 4209 2156 4287 (Risormaqioni)
2201 4209 2356 4284 Cop.
2401 4227 2518 4268 von
2560 4207 2735 4268 1309.
2820 4207 2937 4267 Ed.
2985 4206 3196 4266 Lisini
3240 4206 3379 4266 191.
3421 4204 3572 4280 Req.

1439 4306 1759 4368 B.·F.·W.
1802 4306 2005 4368 13318
2043 4306 2203 4366 ‘nacla
2246 4305 2415 4366 Gitat
2455 4306 2526 4364 in
2576 4304 2872 4365 Urkuvde
2913 4303 3231 4380 Pandulfs
3269 4323 3384 4363 von
3413 4302 3574 4363 1245

1442 4407 1689 4483 Auqust
1717 4406 1755 4466 2
1800 4403 2144 4481 (B.-F.-W.
2190 4403 2436 4479 13551),
2482 4410 2674 4463 umen
2715 4423 2775 4461 n.
2822 4402 2957 4462 610.

1264 4625 1305 4689 ¹)
1346 4626 1483 4676 12:27
1521 4623 1649 4673 Juls·
1698 4624 1781 4681 524,
1821 4622 1961 4672 siche
2011 4622 2139 4670 o'Jcn
2193 4637 2241 4670 n.
2285 4622 2384 4670 441
2439 4620 2554 4668 und
2603 4619 2920 4666 Davidsohn
2975 4617 3356 4679 Forechunqen
3393 4615 3466 4664 II
3509 4618 3570 4665 11

1124 4731 1173 4763 n.
1216 4715 1300 4765 13.
