4000 5700
1097 531 1546 588 REGESTUM
1582 530 2269 586 VOLATERRANUM
2808 533 2916 590 103

462 627 809 635 .—-——-.—
854 627 913 632 ---
938 627 991 632 -—
1000 627 1237 634 ...——
1276 629 1339 633 —-

453 727 591 789 295,
1307 725 1447 787 Alte
1487 727 1769 788 Martiae
1809 728 1904 789 bei
1946 729 2271 802 Montieri,
2313 730 2398 792 29
2436 731 2692 791 Januar
2733 732 2909 793 1211.

574 824 868 896 MOCXI,
912 825 1053 885 IIII
1098 824 1220 886 kal.
1266 824 1413 899 feb„
1457 825 1589 885 ind.
1634 824 1865 888 XIIII.
1996 826 2552 890 Ildebrandus
2593 828 2768 890 Vult.
2811 849 2906 909 ep.

450 923 1085 983 excommunicamus
1139 922 1288 982 abb.
1346 941 1392 982 s.
1452 922 1620 982 Iusti
1680 941 1797 1001 pro
1858 922 2299 986 inobedientia
2356 931 2422 984 et
2481 927 2911 998 contumacia,

454 1018 630 1095 quod
670 1019 1031 1079 usurarium
1067 1018 1479 1081 manifestum
1512 1019 1852 1097 sepelivit
1836 1039 1905 1079 m
1931 1020 2230 1082 claustro.
2317 1022 2492 1083 Data
2520 1024 2588 1082 in
2613 1022 2910 1083 districtu

455 1114 536 1175 de
594 1115 914 1177 Monterio
973 1135 1013 1176 a
1070 1116 1127 1176 16
1180 1115 1458 1177 Martine
1539 1119 1753 1177 c'oram
1803 1116 2195 1179 Ildebrando
2255 1119 2462 1198 priore
2524 1140 2573 1181 s.
2618 1119 2908 1198 Galgani.

456 1212 872 1284 Bernardino,
918 1214 1292 1276 Pannochia
1327 1219 1394 1274 et
1450 1213 1727 1294 Ugolino
1770 1214 1914 1276 filiis
1954 1214 2064 1294 qd.
2108 1215 2395 1278 Rainerii
2451 1216 2813 1278 Pannochie
2839 1219 2910 1293 ¹).

453 1309 827 1372 Bonaiunta
866 1309 1075 1372 iudice
1129 1311 1210 1372 de
1252 1311 1429 1372 Vico.
1476 1309 1804 1374 Ubaldino
1862 1312 2083 1374 Benni.
2144 1311 2374 1375 Forese
2426 1314 2508 1374 de
2565 1314 2910 1376 Florentia.

452 1407 745 1470 Ulivario
786 1408 1034 1469 medico
1073 1410 1155 1470 de
1212 1408 1548 1480 MonteriO.
1607 1408 1941 1470 Tancredo
1994 1410 2076 1471 de
2130 1409 2416 1472 Fornori.
2473 1411 2775 1471 Alefonso
2830 1410 2914 1472 de

453 1503 653 1567 Senis.
740 1506 968 1567 Petrus
1009 1526 1054 1566 s.
1102 1506 1255 1586 imp.
1300 1511 1437 1568 not.

779 1604 932 1665 Volt.
979 1603 1215 1667 AVeec.
1259 1624 1307 1664 8.
1354 1603 1544 1664 XIII
1585 1604 1706 1665 dec.
1751 1605 1792 1666 2
1829 1624 1891 1665 n.
1937 1605 1975 1664 1
2018 1605 2189 1683 Θήῃ.

453 1739 591 1800 296.
1950 1737 2249 1812 Volterra,
2291 1740 2372 1802 24
2413 1740 2691 1801 Februar
2732 1741 2910 1802 1211.

574 1834 830 1910 MOCX,
855 1836 949 1898 VI
976 1837 1100 1897 kal.
1132 1844 1348 1908 mart„
1380 1836 1506 1898 ind.
1542 1837 1772 1899 XIIII.
1840 1837 2205 1899 Ormannus
2233 1837 2343 1916 qd.
2374 1838 2678 1919 Ruggern
2699 1838 2778 1899 de
2798 1837 2910 1898 Ni·

452 1952 568 2013 gra
600 1934 773 1995 dono
816 1933 1335 1996 Bernardino
1376 1934 1481 2014 qd.
1515 1933 1837 1996 Rainerii¹
1852 1935 2120 2010 )Vult.
2165 1936 2911 2015 potestatispaczum

453 2033 588 2092 sive
628 2031 980 2094 casalinum
1024 2034 1091 2092 in
1133 2051 1386 2093 cassato
1427 2031 1671 2093 castelli
1711 2031 1793 2093 de
1834 2033 2054 2111 Nigra,
2098 2032 2271 2094 aliud
2329 2039 2518 2094 extra
2561 2052 2909 2106 cassatum,

452 2131 760 2210 quicquid
805 2130 978 2192 aliud
1020 2131 1172 2191 iuris
1213 2130 1423 2192 habeo
1465 2130 1532 2190 in
1571 2149 1847 2203 cassato,
1891 2131 2392 2192 iurisdictionem
2435 2137 2503 2191 et
2544 2151 2755 2204 usum,
2785 2149 2914 2210 que

453 2226 662 2289 habeo
705 2228 789 2290 ab
830 2229 1083 2290 Aczone
1125 2229 1234 2308 qd.
1279 2228 1547 2288 Uliverii
1589 2229 1654 2288 in
1697 2228 1959 2289 castello
2001 2235 2068 2289 et
2107 2234 2288 2289 curte
2327 2229 2408 2289 de
2450 2227 2667 2307 Nigra,
2720 2248 2911 2290 reser-

453 2331 612 2387 vato
651 2326 889 2387 Aczoni
932 2325 1270 2387 usufructu
1314 2323 1416 2386 vel
1461 2345 1578 2386 usu
1623 2324 2047 2387 habitationis
2088 2325 2350 2387 casalini
2384 2346 2501 2405 pro
2540 2325 2908 2398 donatione,

452 2442 650 2502 quam
681 2423 838 2483 mihi
866 2424 1073 2484 Aczus
1113 2423 1287 2485 fecit.
1372 2423 1516 2484 Act.
1549 2422 1722 2483 Vu'lt.
1756 2424 1822 2483 in
1848 2424 2044 2485 domo
2073 2423 2408 2502 Angelerii.
2466 2423 2770 2485 Moroello
2796 2424 2905 2502 qd.

453 2518 766 2581 Ranuccii
800 2519 881 2581 de
923 2520 1257 2582 Giezzano.
1288 2519 1541 2582 Bifulco
1583 2520 1689 2601 qd.
1720 2521 2190 2582 Boneventure.
2225 2520 2634 2582 Bonaiuncta
2654 2519 2913 2600 publico

454 2615 626 2678 Vult.
684 2619 914 2680 iudice.
973 2617 1239 2679 Ruffulo
1293 2618 1397 2697 qd.
1457 2618 1835 2699 Guicchieri.
1892 2617 2224 2681 Gualterio
2279 2620 2388 2697 qd.
2434 2618 2788 2680 Lumbardi
2828 2624 2911 2679 tt.

454 2716 865 2794 Boninsegna
902 2718 1053 2795 imp.
1098 2717 1456 2778 maiestatis
1498 2723 1629 2777 not.

772 2813 1026 2875 Florem
1070 2813 1218 2876 Ast.
1268 2815 1451 2891 (Volt.
1497 2815 1660 2877 1210
1700 2813 1780 2875 ΙΙ
1820 2815 1920 2889 24,
1965 2835 2026 2877 n.
2070 2816 2215 2892 107)
2259 2815 2428 2894 Oriy.

450 2974 588 3035 297.
1788 2973 1926 3035 Aue
1966 2975 2269 3047 Martiae,
2310 2974 2394 3036 30
2432 2974 2683 3052 Auqust
2722 2975 2904 3036 1211.

568 3070 988 3151 MC[CX1]²)‚
1018 3071 1124 3133 111
1153 3071 1278 3133 kal.
1308 3079 1496 3151 sept„
1526 3072 1655 3133 ind.
1682 3071 1912 3134 XIIII.
1996 3072 2556 3135 Ildebrandus
2598 3093 2698 3152 ep.
2729 3071 2910 3133 Vult.

448 3169 758 3232 abbatem
797 3190 849 3230 s.
891 3171 1059 3231 Iusti
1100 3189 1217 3248 pro
1256 3168 1692 3231 inobedientia
1733 3176 1801 3230 et
1840 3172 2268 3244 contumacia,
2299 3171 2452 3248 quia
2492 3169 2910 3232 manifestum

452 3269 812 3329 usurarium
852 3269 918 3328 in
960 3267 1295 3346 sepultura
1335 3264 1591 3328 abbatis
1632 3267 1768 3328 sive
1810 3286 2247 3339 monacorum,
2305 3273 2379 3327 ut
2433 3266 2690 3340 dicitur,
2733 3286 2908 3346 sepe-

449 3366 614 3437 livit,
644 3364 818 3427 bona
857 3365 1187 3437 alienavit,
1229 3384 1420 3445 super
1461 3364 1833 3425 mulieribus
1875 3365 2134 3426 inclusis
2174 3365 2446 3444 sepultis
2496 3368 2561 3426 in
2611 3366 2762 3426 eccl.
2805 3365 2910 3426 vel

447 3465 640 3526 iuxta
675 3483 818 3526 eam
859 3461 1318 3542 desepeliendis
1360 3461 1731 3524 inobediens
1771 3463 1916 3536 fuit,
1962 3483 2234 3526 monaco
2274 3484 2387 3546 per
2430 3484 2692 3525 manum
2719 3464 2910 3525 laica·

447 3560 572 3622 lem
601 3561 941 3640 compedes
969 3562 1142 3621 mitti
1174 3559 1346 3633 fecit,
1378 3560 2030 3620 excommunicamus.
2116 3561 2262 3621 Act.
2306 3562 2372 3621 in
2413 3560 2801 3640 appenditiis
2827 3560 2912 3621 de

448 3658 766 3720 Monterio
810 3680 851 3720 a
875 3656 932 3719 le
958 3656 1236 3718 Martine
1305 3675 1519 3719 coram
1553 3655 1940 3719 lldebrando
1983 3659 2190 3736 priore
2230 3658 2493 3721 abbatie
2534 3678 2585 3717 s.
2615 3658 2910 3736 Galgani.

450 3755 867 3829 Bernardino‚
894 3754 1236 3827 Panochia-‚
1270 3754 1545 3834 Ugolino
1571 3751 1884 3815 fratribus
1910 3754 1951 3814 f.
1984 3755 2095 3832 qd.
2129 3754 2413 3815 Rainerii
2439 3757 2503 3830 ¹).
2541 3754 2910 3815 Bonaiunta

448 3854 659 3915 iudice
699 3853 781 3913 de
822 3854 1002 3914 Vico.
1036 3852 1407 3913 Rubaldino
1438 3852 1643 3911 Benni
1687 3852 1767 3912 de
1796 3852 1970 3913 Vult.
2017 3851 2246 3913 Forese
2272 3853 2354 3913 de
2382 3851 2725 3913 Florentia.
2769 3851 2902 3912 Uli-

450 3952 631 4014 vario
673 3951 922 4012 medico
964 3952 1047 4012 de
1091 3950 1426 4010 Monterio.
1470 3949 1785 4010 Tancredi
1826 3950 1906 4010 de
1942 3949 2224 4011 Fornori.
2258 3950 2545 4011 Alisonso
2587 3951 2667 4010 de
2708 3947 2907 4010 Senis.

453 4048 682 4110 Petrus
723 4066 770 4109 s.
813 4049 966 4128 imp.
1015 4055 1146 4109 not.

773 4146 926 4209 Volt.
974 4146 1211 4208 AVesc.
1261 4146 1430 4224 App
1478 4144 1596 4205 Ild.
1643 4165 1703 4205 η.
1749 4145 1790 4206 5
1829 4145 1999 4223 Oriq.

449 4281 586 4341 298.
1765 4277 1943 4339 Colle
1989 4278 2111 4340 Vae
2153 4278 2685 4356 d’El-sa‚:1u9u⁸t
2726 4278 2903 4340 1211.

567 4375 858 4449 ΜΟΟΧΙ,
904 4376 1030 4436 ind.
1077 4374 1307 4449 XIIII,
1355 4395 1493 4454 aug.
1592 4374 1873 4437 Tedesco
1928 4377 2010 4437 de
2051 4375 2354 4446 Grecena‚
2402 4375 2782 4437 Bardellone
2822 4376 2906 4436 de

448 4475 787 4546 LuccianO,
832 4472 1045 4534 Guido
1084 4472 1166 4533 de
1207 4473 1269 4533 la
1314 4473 1707 4552 Pilinghetta
1750 4479 1816 4532 et
1860 4472 2062 4532 XXX
2107 4472 2233 4545 alii,
2279 4474 2390 4551 qui
2419 4475 2487 4534 in
2516 4473 2681 4534 hanc
2710 4474 2904 4535 socie-

592 4655 635 4717 ι)
672 4654 871 4717 Neffon
903 4653 995 4703 deo
1028 4652 1292 4712 Bachoso,
1330 4612 1796 4704 Pannocohioschi.
1967 4656 2010 4716 ε)
2049 4654 2144 4703 Ort
2177 4654 2294 4704 und
2329 4654 2670 4717 Zeuqmlictc
2703 4656 2904 4718 niffen,

446 4744 574 4793 daec
608 4758 668 4792 σο
704 4742 819 4792 und
842 4741 989 4791 nicht
1024 4738 1529 4810 MC[LXXXXV1]
1565 4758 1634 4791 zu
1670 4746 1930 4803 erqa'nzon
1952 4743 2037 4792 iet.
