4000 5700
1092 495 1198 548 318
1737 491 2181 546 REGESTFM
2220 491 2378 544 VOL
2386 490 2903 544 ATERRANUM

2702 687 3008 757 Scanicci,
3051 685 3133 746 15
3174 686 3324 746 Mai
3363 684 3545 746 1288.

1209 785 1448 848 Omnes
1490 786 1804 853 homine&
1850 783 2005 854 XX,
2049 783 2339 845 comunis
2378 782 2459 843 de
2515 782 3005 844 Scandicoio
3057 783 3263 842 eidem
3311 783 3548 841 iurant.

1087 886 1233 945 Aet..
1278 884 1634 946 Scandiecii
1675 885 1761 944 ad
1801 882 2034 962 pedem
2074 880 2388 944 scalarum
2429 882 2662 943 domus
2690 881 2974 943 Gerardi.
3085 882 3184 942 Id.
3216 880 3383 941 mad.

2812 1075 3007 1146 Pava,
3053 1075 3135 1135 15
3176 1076 3323 1135 Mai
3363 1074 3543 1135 1288.

1214 1173 1451 1236 Omnes
1493 1173 1809 1245 homineS,
1854 1172 2086 1243 XIIII,
2131 1173 2419 1234 comunis
2457 1173 2539 1234 de
2580 1172 2802 1233 Pava
2839 1173 3047 1233 eidem
3089 1175 3320 1233 iurant.
3403 1173 3547 1233 Act.

1090 1270 1266 1333 Pav'e
1308 1273 1376 1332 in
1417 1273 1707 1332 cimitero
1751 1270 1974 1349 plebis.
2087 1271 2183 1330 Id.
2232 1271 2399 1331 mad.

1419 1370 1570 1430 Volt.
1618 1369 1857 1431 AVeec.
1901 1388 1953 1429 3.
1997 1368 2184 1429 XIII
2230 1368 2349 1429 dm.
2396 1367 2436 1428 9
2474 1387 2537 1428 n.
2570 1368 2650 1428 66
2674 1368 2844 1445 Θήρ.
2881 1368 3212 1445 (Botulus).
3244 1369 3422 1430 Liber
3449 1372 3547 1429 iu·

1409 1468 1578 1529 rium
1620 1467 1660 1527 8
1698 1468 1796 1528 cit.

1090 1619 1226 1681 937.
2702 1618 3024 1690 Pabbrica,
3061 1618 3142 1678 13
3182 1619 3329 1679 Mai
3368 1620 3541 1680 1288.

1171 1716 1410 1779 Omnes
1439 1718 1751 1787 hominen,
1783 1716 2020 1790 CXVI,
2055 1717 2136 1777 de
2163 1715 2516 1777 Fabriea
2542 1717 2723 1796 Lapo
2749 1717 2831 1777 de
2860 1716 3064 1778 Rosso
3092 1719 3174 1779 de
3200 1716 3441 1779 Rubeis
3468 1719 3548 1778 de

1092 1815 1419 1876 Florentia
1461 1814 1845 1875 Rainerii
1888 1833 1987 1893 ep.
2034 1813 2207 1875 Vult.
2252 1814 2321 1874 in
2360 1813 2655 1891 pax-‚tibus
2696 1812 2881 1873 vallis
2923 1816 3044 1876 Ere
3088 1815 3327 1875 vicario
3368 1834 3549 1895 gene-

1089 1914 1206 1976 rali
1243 1913 1326 1975 ad
1355 1913 1481 1974 kal.
1512 1934 1659 1974 nov.
1685 1912 2067 1975 fidelitatem
2110 1914 2344 1974 iurant.
2409 1913 2552 1974 Aet.
2599 1913 2869 1974 Fabrice
2910 1914 2979 1974 in
3013 1913 3295 1975 elaustro
3328 1913 3546 1993 plebis,

1091 2010 1707 2083 MCCLXXXVIIL
1757 2011 1889 2072 ind.
1936 2010 1989 2083 I,
2034 2010 2209 2071 XIII
2252 2011 2398 2072 mai.

2758 2163 3016 2233 Lair-ete,
3062 2163 3143 2223 13
3184 2163 3331 2223 Mai
3372 2163 3546 2224 1288.

1216 2259 1385 2320 Item
1431 2258 1784 2319 LXXXIV
1829 2259 1910 2319 de
1952 2259 2319 2320 Latreto.
2405 2258 2652 2319 Latreti
2696 2262 2761 2319 in
2803 2260 2935 2321 aria
2965 2280 3011 2318 s,
3043 2258 3218 2320 Petri
3243 2261 3325 2321 de
3352 2269 3549 2321 curte.

1095 2356 1267 2418 XIII
1311 2359 1456 2417 mai.

2569 2507 3016 2585 Montesoscoli‚
3061 2508 3141 2569 13
3183 2510 3330 2570 Mai
3372 2510 3551 2571 1288.

1216 2606 1389 2666 Item
1430 2605 1814 2666 CXXXVII
1858 2605 1939 2666 de
1987 2604 2057 2665 M
2072 2605 2308 2665 ontef
2322 2606 2605 2666 osculi.
2690 2605 3139 2667 Montefosouli
3180 2607 3354 2669 iusta
3404 2609 3553 2669 eccl.

1099 2711 1271 2771 XIII
1313 2712 1459 2771 mai.

2697 2863 3020 2933 Orciatico,
3066 2862 3146 2921 15
3188 2864 3336 2924 Mai
3376 2866 3556 2927 1288.

1217 2960 1387 3019 Item
1431 2958 1728 3019 XXXIV
1769 2960 1848 3019 de
1894 2958 2336 3021 Orciaticm.
2424 2959 2719 3020 Orciatiei
2753 2962 2817 3020 in
2846 2961 3065 3039 platea
3090 2964 3377 3024 comunis
3406 2973 3558 3026 ante

1097 3058 1361 3119 domum
1407 3056 1792 3117 Ormaneeti.
1878 3056 2000 3116 XV
2047 3058 2192 3116 mai.

2797 3212 3023 3285 suido,
3066 3213 3148 3274 16
3188 3212 3337 3273 Mai
3376 3213 3557 3275 1288.

1222 3306 1392 3367 Item
1435 3305 1671 3366 XXXI
1700 3305 1783 3365 de
1825 3305 2127 3366 strido.
2214 3306 2411 3368 Stridi
2442 3310 2507 3368 in
2535 3307 2720 3386 plebe
2747 3328 2794 3369 s.
2826 3309 3149 3371 Iohanni&
3220 3310 3382 3372 XVI
3408 3312 3558 3372 mai.

2616 3503 2693 3562 M
2697 3503 3023 3576 malachie,
3068 3505 3149 3566 17
3189 3505 3268 3564 Μ
3270 3508 3339 3567 ai
3378 3506 3557 3567 1288.

1222 3599 1389 3660 Item
1419 3598 1708 3658 LXVIII
1740 3599 1821 3659 (16
1849 3599 1917 3659 Μ
1931 3619 1969 3659 o
1986 3618 2030 3659 n
2047 3607 2075 3659 t
2092 3619 2125 3658 e
2140 3619 2173 3659 c
2190 3618 2224 3659 e
2240 3600 2281 3659 h
2299 3602 2377 3662 io
2391 3646 2404 3659 .
2502 3600 2888 3662 Montecehii
2917 3604 2983 3664 in
3012 3603 3223 3679 platea
3255 3604 3558 3666 comuni&

1103 3696 1299 3758 XVII
1343 3695 1488 3756 mai.

2710 3856 3027 3934 Casaylia,
3072 3858 3153 3918 18
3194 3859 3341 3919 Μαί
3382 3859 3559 3921 1288.

1228 3953 1397 4109 Iliem
1440 3950 1670 4013 XVIII
1714 3953 1796 4012 de
1839 3952 2212 4014 Casalea.
2319 3955 2576 4016 Casalee
2620 3961 2771 4016 ante
2825 3956 3074 4035 plebem
3131 3977 3177 4018 s.
3235 3958 3561 4020 Iohannis.

1063 4106 1070 4116 .
1106 4049 1266 4110 XVI
1306 4049 1338 4109 I
1381 4049 1528 4109 mai.

2798 4211 3029 4288 Leqoli,
3074 4213 3156 4272 18
3196 4212 3341 4273 Mai
3382 4212 3561 4274 1288.

1226 4304 1399 4366 Item
1439 4304 1619 4366 CVII
1662 4308 1953 4367 comunis
1994 4307 2078 4368 de
2118 4307 2444 4387 Leguli.
2530 4310 2610 4370 In
2642 4309 2844 4389 burgo
2870 4310 2952 4370 (16
2992 4310 3218 4389 Leguli
3260 4316 3412 4372 ante
3450 4311 3565 4372 do·

1109 4423 1287 4465 mum
1329 4403 1594 4464 Banehi.
1675 4404 1906 4464 XVIII
1953 4408 2101 4465 mai,

1435 4501 1589 4563 Volt.
1636 4502 1692 4560 A
1711 4502 1872 4562 Vesc,
1916 4522 1963 4562 8.
2009 4503 2196 4564 XIII
2240 4504 2360 4565 dec,
2394 4505 2434 4564 9
2458 4525 2519 4565 n.
2552 4504 2632 4565 54
2660 4504 2829 4583 Oriq.
2879 4507 3182 4582 (Botulus,
3213 4525 3565 4567 zusammen

1429 4599 1542 4658 mit
1581 4599 1698 4659 den
1741 4599 1946 4659 Eiden
1989 4620 2125 4660 vom
2172 4602 2504 4662 November
2542 4602 2648 4662 dee
2688 4602 2934 4675 Jahres,
2972 4623 3032 4663 n.
3066 4602 3229 4680 940).
3258 4602 3441 4663 Liber
3465 4605 3569 4664 iu·

1428 4698 1594 4756 rium
1639 4698 1677 4756 8
1716 4699 1813 4758 cit.
