4000 5700
1090 538 1534 593 REGESTUM
1571 538 2261 598 VOLATERRANUM
2794 546 2904 600 245

442 751 561 811 pro
599 734 857 793 comuni
896 733 1211 795 vulterris
1270 735 1453 796 misit
1491 736 1619 798 XV
1671 737 2040 800 nominatos
2095 738 2349 819 pedites
2401 740 2487 802 ad
2541 742 2901 806 custodiam

444 828 678 891 Sancte
719 828 956 905 Crucis,
999 836 1067 891 et
1110 830 1381 910 quilibet
1420 830 1658 895 habuit
1698 833 1782 895 ab
1824 854 1902 896 eo
1943 834 2060 899 sol.
2105 836 2234 899 XV
2273 837 2423 898 den.
2467 837 2621 900 Luc.
2666 844 2734 900 et
2772 839 2899 902 Pis.

443 945 625 1005 parv.
669 947 789 1007 pro
827 947 994 1007 paga
1034 928 1225 990 unius
1265 929 1519 991 mensis.
1624 931 1772 992 Act.
1814 933 1884 993 in
1924 932 2077 994 eccl.
2122 933 2317 997 castri
2373 933 2609 998 Sancte
2662 934 2901 1000 Crucis.

442 1025 707 1105 Pagano
749 1025 944 1088 Guidi
994 1033 1065 1088 et
1103 1026 1472 1108 Spagnuolo
1528 1027 1636 1108 qd.
1683 1027 2089 1093 Ghiandonis
2129 1035 2211 1093 tt.
2315 1031 2654 1114 Bugnorus
2706 1034 2901 1096 iudex

442 1128 511 1184 ‘³¹³
551 1128 688 1183 non
770 1220 928 1283 Volt.
972 1221 1286 1284 AMum'c.
1331 1221 1536 1298 (Prov.
1579 1222 1732 1300 div.)
1777 1222 1948 1302 Θήρ.

444 1475 575 1537 733
1793 1479 2016 1541 Monte
2065 1479 2362 1559 Voltra7'0,
2405 1481 2486 1543 12
2526 1481 2678 1545 Julo·
2715 1483 2897 1547 1262.

565 1573 784 1634 Dulcis
825 1573 1117 1634 Ferronis
1158 1573 1238 1634 de
1279 1593 1331 1635 s.
1363 1574 1661 1645 Romule,
1697 1574 2080 1655 Bonaguida
2121 1575 2373 1637 Amidei
2404 1578 2483 1638 de
2513 1597 2562 1639 s,
2594 1578 2897 1654 Martiae,

443 1670 687 1743 Palma,
734 1670 1153 1733 Benvenutus
1196 1671 1488 1732 Ferronis
1530 1671 1611 1734 de
1653 1693 1702 1733 s
1749 1672 2049 1745 Romule,
2097 1673 2440 1736 Iacobinus
2494 1674 2766 1739 Bonichi
2816 1677 2900 1738 de

444 1769 764 1837 Panzan0‚
811 1769 1029 1828 Pierus
1072 1768 1373 1830 Ricevuti
1414 1767 1496 1831 de
1539 1770 1868 1842 MorlianO,
1915 1769 2361 1833 Cambiuczius
2403 1773 2792 1836 Bonaccursi
2817 1774 2899 1836 de

442 1887 493 1929 s,
534 1866 813 1939 Andrea,
858 1867 1114 1927 Riccius
1144 1866 1470 1927 Ronconis
1510 1867 1592 1929 de
1620 1867 1810 1941 Flor„
1844 1867 2213 1930 Bernardus
2241 1870 2610 1932 Francischi
2636 1871 2717 1933 de
2745 1871 2895 1934 Bib-

441 1965 654 2037 biano,
695 1963 939 2044 Lippus
982 1964 1176 2026 Guidi
1217 1965 1297 2026 de
1337 1965 1504 2027 Flor.
1552 1967 1935 2028 masnaderii
1981 1969 2145 2028 arcis
2177 1968 2420 2030 Montis
2446 1968 2757 2032 Vultrarii
2780 1991 2898 2052 pro

441 2060 784 2123 Alberto
838 2062 1015 2123 Vult.
1061 2061 1284 2135 elect0,
1342 2062 1594 2141 publice
1648 2069 2088 2143 protestantes
2143 2085 2208 2126 se
2262 2085 2393 2126 non
2446 2085 2633 2146 posse
2685 2087 2896 2130 arcem

439 2159 799 2231 defendere,
844 2179 986 2219 eam
1029 2161 1166 2221 sine
1208 2160 1428 2239 pretio·
1456 2163 1878 2222 restituerunt
1934 2160 2238 2224 Rainerio
2292 2163 2444 2224 olim
2500 2162 2898 2228 Gualterocti

441 2256 520 2317 de
567 2255 727 2318 Pisis
770 2260 1083 2336 potestati
1122 2257 1302 2320 Vult.
1333 2259 1399 2335 ¹).
1487 2258 1630 2319 Act.
1676 2259 1761 2318 ad
1802 2259 2000 2339 pedes
2041 2262 2208 2320 muri
2261 2258 2427 2321 balei
2484 2262 2646 2322 arcis
2700 2280 2898 2344 prope

442 2360 697 2434 portam
740 2375 924 2415 arcis.
1007 2354 1467 2417 Bai-tholomeo
1521 2356 1733 2417 iudice
1784 2356 1964 2418 Vult.
2008 2358 2314 2418 comunis.
2375 2357 2705 2420 Ranuccio
2758 2365 2894 2422 not.

442 2451 580 2513 Bue
609 2452 1043 2514 Ricoveranze
1072 2459 1153 2513 tt.
1238 2451 1619 2527 MCCLXII,
1644 2453 1747 2514 die
1776 2455 2070 2516 mercurii
2101 2454 2238 2515 XII
2266 2455 2399 2527 iul„
2429 2455 2487 2516 V
2516 2456 2649 2517 ind.
2732 2457 2893 2519 Ilde·

441 2549 796 2611 brandinus
836 2550 944 2628 qd.
990 2549 1259 2611 Gerardi
1296 2558 1434 2611 not.

758 2648 1020 2709 Florem
1060 2647 1212 2709 Ast.
1245 2648 1436 2725 (Vols.
1466 2669 1528 2711 n.
1562 2648 1703 2727 797)
1734 2649 1906 2728 Oriq.
1991 2650 2110 2711 Ed.
2152 2650 2754 2728 Tamiani-Teneai
2778 2652 2894 2713 Re·

759 2745 992 2806 lazioni
1033 2745 1312 2806 d’alcuni
1350 2746 1564 2823 viaqyi
1603 2746 1747 2822 fatti
1788 2748 1860 2807 ὄπ
1905 2747 2194 2809 Toscana
2221 2749 2241 2777 ²
2270 2747 2391 2808 III
2418 2747 2555 2810 128.

441 3004 574 3065 734.
2095 3005 2356 3078 Viterbo,
2400 3006 2483 3076 20
2521 3007 2668 3068 Juli
2710 3008 2891 3070 1262.

557 3100 937 3162 Urbanus
978 3101 1082 3163 IV
1128 3093 1438 3180 archiepis
1409 3105 1634 3181 copis,
1681 3104 1993 3180 episcopis
2036 3109 2104 3162 et
2158 3102 2300 3164 aliis
2341 3102 2622 3181 prelatis.
2729 3105 2893 3166 Hor·

437 3205 635 3272 tatur,
678 3204 755 3258 ut
796 3204 1023 3259 contra
1065 3197 1508 3260 malefactores
1553 3200 1838 3277 magistri
1884 3207 1953 3259 et
1994 3200 2269 3262 fra-trum
2312 3202 2651 3280 hospitalis
2678 3201 2769 3266 de
2786 3201 2893 3262 Al-

436 3305 700 3376 topassu
743 3304 1152 3377 consurgant.
1236 3319 1263 3355 0
1285 3298 1430 3358 Non
1466 3296 1711 3377 absque
1731 3318 1776 3358 ›>.
1864 3298 2014 3359 Dat.
2046 3298 2317 3360 viterbii
2350 3300 2526 3361 XIII
2565 3301 2689 3361 kal.
2720 3321 2891 3381 aug..

437 3402 616 3475 pont·
663 3396 715 3456 Ι.
760 3494 920 3556 Volt.
969 3494 1205 3555 AVesc.
1249 3514 1299 3554 8.
1345 3493 1492 3553 XII
1532 3494 1654 3554 dec.
1700 3494 1739 3554 9
1778 3515 1842 3555 n.
1888 3494 1987 3554 13.
2031 3495 2203 3572 Oriq.
2252 3495 2459 3563 ‹Bulle
2500 3497 2810 3575 verloren).

440 3761 577 3823 735.
1873 3762 2169 3831 numa,
2213 3761 2296 3823 29
2335 3762 2672 3824 November
2712 3763 2889 3826 1262.

558 3859 870 3928 Potestas),
914 3859 1295 3937 capitaneus
1321 3858 1563 3938 populi,
1594 3858 1947 3930 consilium.
1982 3860 2236 3919 anziani
2278 3861 2647 3920 comunis
2674 3859 2887 3922 Vult.

435 3957 842 4018 constituunt
884 3957 1199 4016 sindicum
1242 3956 1310 4014 in
1350 3975 1547 4016 causa
1600 3956 1907 4018 Iohannis
1967 3956 2310 4034 Tuscani')
2367 3977 2580 4019 coram
2639 3957 2889 4019 Fran·

435 4056 651 4115 cisco
708 4052 1116 4132 Simplici,
1177 4052 1420 4114 vicario
1461 4054 1627 4133 regis
1669 4053 1988 4114 Manfredi
2031 4055 2094 4113 in
2139 4054 2371 4115 Tuscia
2412 4056 2710 4134 generali.

750 4151 1010 4212 Florem.
1053 4150 1206 4211 ASt.
1254 4149 1447 4225 (Volt.
1491 4171 1556 4211 π.
1602 4150 1745 4227 807)
1790 4151 1966 4228 Oria.

579 4484 619 4546 ¹)
668 4482 965 4546 Veryleiche
1002 4484 1233 4533 dar-iiber
1269 4503 1291 4532 e
1313 4485 1527 4533 Bistam
1556 4485 1666 4533 und
1686 4484 2149 4545 Geldwirtschast»
2190 4486 2257 4534 ΙΙ
2288 4487 2391 4536 305
2429 4485 2467 4545 f.
2545 4487 2588 4550 ε)
2617 4487 2890 4538 Iohannes

435 4575 723 4624 Tuscanica
773 4589 882 4621 war
919 4574 1237 4622 Kdmmercr
1273 4573 1464 4634 Kdniq
1503 4573 1706 4622 Enzios
1745 4588 1979 4635 yewesen
2008 4574 2121 4622 und
2145 4574 2284 4623 hatte
2308 4574 2457 4623 scine
2480 4573 2724 4638 Steuunq
2750 4577 2890 4626 dazu

432 4665 660 4722 benfitze,
686 4664 799 4714 sich
822 4663 882 4712 in
909 4663 1156 4712 Τοεοαηα
1179 4663 1354 4711 Besitz
1375 4679 1442 4711 zu
1463 4679 1756 4725 erm-essen,
1781 4664 1887 4713 den
1918 4680 1972 4711 er
1990 4670 2145 4711 unter
2166 4663 2425 4723 Manfred
2444 4664 2886 4727 zuriicksorderte,

431 4755 528 4815 wie
569 4754 653 4803 ich
689 4754 787 4803 mit
823 4753 1215 4802 unbekanntem
1255 4753 1515 4802 Mater-iaz
1551 4753 1734 4814 zeiqen
1770 4753 1952 4802 werde.
