4000 5700
1029 522 1470 580 REGESTUM
1511 527 1620 580 VO
1629 526 2071 580 LATERRAN
2082 529 2201 581 ΕΜ
2738 531 2840 582 329

384 719 646 783 libertas
687 720 772 781 ab
814 722 1111 783 omnibus
1151 721 1528 784 officialibus
1570 722 1962 795 observetur,
2007 730 2074 784 et
2127 725 2248 786 hoc
2303 725 2841 788 stantiamentum

383 820 469 880 sit
511 823 834 880 statutum
876 823 1181 882 comunis,
1228 820 1474 881 Ratum
1530 841 1644 900 per
1697 820 2087 884 LXXXXV
2134 823 2443 903 pallottas
2498 826 2721 886 missas
2776 827 2841 886 in

385 915 640 978 bussolo
680 917 827 977 albo
868 917 972 979 del
1016 920 1107 979 ‘si
1132 918 1170 990 ‘‚
1214 938 1344 980 non
1387 918 1800 980 obstantibus
1841 920 1976 980 XX
2018 920 2309 1001 pallottis
2350 922 2556 983 missis
2598 924 2666 983 in
2695 922 2842 984 bus-

382 1013 518 1076 solo
557 1016 737 1093 nigro
783 1016 920 1076 ‘del
964 1017 1091 1077 no’
1226 1017 1430 1079 Facta
1471 1018 1539 1079 in
1581 1017 1826 1097 palatio
1866 1019 2157 1081 comunis
2197 1019 2417 1081 Sancti
2462 1020 2838 1082 Geminiani.

388 1111 959 1188 MOCLXXXXV,
1003 1064 1133 1177 intI.
1181 1114 1399 1187 VIIII,
1442 1112 1716 1178 XVIIII
1758 1121 1944 1178 mart.
2069 1117 2283 1178 Nosus
2323 1123 2457 1179 not.
2500 1118 2544 1178 f.
2589 1120 2695 1198 qd
2726 1119 2839 1181 Or-

383 1208 558 1270 landi
600 1210 809 1271 scriba
849 1214 1142 1273 comunis
1182 1218 1250 1273 et
1290 1213 1652 1291 potestatis,
1697 1212 1867 1275 XXI
1910 1219 2098 1277 mart.

712 1308 864 1369 Volt.
911 1308 1148 1370 AVa-xo.
1190 1327 1239 1369 8.
1284 1308 1474 1370 XIII
1514 1310 1634 1371 dec.
1678 1311 1762 1370 10
1799 1331 1861 1372 π.
1906 1312 1987 1372 12
2027 1311 2197 1385 Oriq.

383 1502 522 1563 968.
1833 1506 2117 1583 Anaqm'
2153 1507 2234 1568 26
2274 1508 2622 1585 September
2659 1509 2838 1572 1296.

504 1598 990 1662 Bonifatius
1033 1601 1238 1662 VIII
1281 1605 1611 1681 potestati,
1641 1603 1923 1674 oonsilio,
1954 1622 2214 1664 comum
2241 1604 2414 1665 Vult
2502 1606 2734 1684 Rogat,
2765 1612 2841 1666 ut

385 1696 509 1757 filie
549 1696 809 1776 Ugolini
852 1699 1079 1759 iudicis
1123 1698 1543 1760 Gallurensis¹
1555 1704 1573 1775 )
1616 1700 1908 1761 favorem
1949 1701 2348 1778 impendant.
2436 1702 2837 1781 «Speremus,

379 1793 558 1870 quod
574 1814 617 1853 ι).
663 1792 815 1853 Dat.
860 1793 1151 1873 Anagnie
1194 1794 1286 1856 VI
1327 1794 1499 1855 kal.'
1506 1802 1524 1872 )
1569 1802 1717 1869 oet„
1759 1801 1939 1874 pont.
1985 1795 2074 1855 II.

699 1892 959 1953 Florem
999 1892 1153 1954 Ast.
1201 1894 1384 1969 (Volt.
1428 1914 1490 1954 n.
1536 1894 1721 1963 1365)
1751 1894 1921 1971 Oriy.
1955 1894 2162 1969 (Bulla
2190 1895 2499 1974 verloren).
2582 1898 2698 1958 Ed.
2731 1897 2838 1958 Ge·

702 1992 847 2051 cina
892 1991 983 2051 77.

380 2186 518 2245 969.
1818 2187 2111 2259 Volterra,
2155 2188 2236 2249 29
2276 2190 2622 2266 September
2661 2190 2838 2252 1296.

501 2283 789 2345 Vacante
830 2284 979 2346 eccl.
1010 2285 1091 2346 de
1120 2284 1390 2345 Leocioli
1435 2284 1549 2344 Ra
1563 2286 1908 2364 ynerius
1950 2305 2049 2364 ep.
2095 2286 2267 2347 Vult.
2314 2295 2623 2364 patronus
2670 2307 2839 2349 oom-

383 2383 677 2458 promisit
715 2383 782 2442 in
826 2382 1119 2444 Landum
1163 2384 1558 2462 prepositum
1602 2382 1822 2444 Sancti
1872 2383 2239 2445 Geminiani
2269 2403 2406 2444 can.
2438 2383 2610 2444 Vult.
2694 2384 2838 2446 Aet.

382 2477 553 2539 Vult.
598 2480 775 2558 apud
815 2479 1130 2559 palatium
1173 2500 1270 2559 ep.
1394 2479 1571 2541 Mino
1610 2481 1692 2542 de
1735 2480 1982 2542 Sancto
2025 2480 2230 2543 Paulo
2272 2482 2381 2560 qd.
2434 2481 2711 2543 Seracini
2758 2483 2839 2544 de

380 2576 561 2638 Senis
602 2585 670 2638 et
711 2578 917 2657 presb.
964 2579 1251 2640 Iohanne
1293 2585 1535 2640 rectore
1575 2579 1724 2639 ecel.
1768 2600 1815 2640 s.
1867 2579 2221 2658 Margarite
2261 2580 2343 2640 de
2371 2578 2726 2641 Casezzano
2755 2587 2837 2641 tt.

380 2672 988 2745 MCCLXXXXVI,
1029 2676 1160 2737 ind.
1203 2677 1288 2748 X,
1333 2677 1689 2754 penultima
1731 2682 1898 2754 sept.
2039 2676 2309 2738 Michael
2359 2696 2459 2738 ser
2511 2676 2838 2738 Nicoholai

381 2770 598 2832 Guooii
661 2772 742 2832 de
804 2772 1041 2834 Sancto
1103 2772 1482 2834 Geminiano
1542 2781 1678 2833 not.
1744 2794 1824 2834 ex
1881 2774 2364 2835 imbreviaturis
2441 2774 2660 2835 Iacobi
2728 2775 2834 2854 qd.

381 2868 454 2929 P‹
474 2871 622 2932 eche
649 2877 780 2933 not.

707 2971 859 3031 Volt.
905 2970 1142 3033 AVeec.
1186 2991 1234 3032 8.
1279 2970 1466 3032 XIII
1510 2972 1628 3033 dec.
1675 2972 1756 3032 10
1795 2993 1855 3032 n.
1901 2972 1982 3032 17
2024 2972 2192 3048 Oriq.

379 3163 515 3223 970.
1130 3165 1427 3237 Volterra,
1469 3166 1550 3226 19
1589 3165 1722 3226 und
1762 3166 1844 3227 20
1882 3165 2155 3226 Oktober.
2198 3165 2239 3226 2
2282 3165 2617 3225 November
2657 3164 2834 3226 1296.

500 3260 788 3321 Vacante
831 3281 998 3322 mon.
1041 3261 1121 3323 de
1162 3261 1433 3324 Adelmo
1489 3262 1621 3323 ord.
1678 3262 1962 3324 Camald.
2019 3281 2134 3341 per
2190 3262 2676 3323 translationem
2726 3262 2833 3322 Al-

377 3361 693 3422 dobrandi
735 3361 994 3423 abbatis
1047 3363 1115 3422 in
1170 3362 1345 3424 aliud
1401 3382 1570 3423 mon.
1630 3363 2100 3440 Raynerius
2153 3381 2251 3440 ep.
2297 3361 2469 3423 Vult.
2520 3371 2834 3439 patronus

380 3459 570 3536 elegit
612 3459 929 3520 Ubertum
974 3459 1126 3521 olim
1171 3461 1478 3522 abbatem
1520 3461 1600 3521 de
1641 3460 2055 3539 Berardenga
2106 3460 2389 3521 Camald.
2447 3460 2580 3521 ord.
2691 3459 2833 3520 Act.

380 3557 553 3618 Vult.
597 3556 772 3637 apud
813 3555 1130 3635 palatium
1186 3579 1283 3638 ep.
1370 3562 1647 3619 Accurso
1697 3558 1948 3619 ‘abbate
2005 3579 2051 3618 s.
2105 3558 2286 3619 Iusti.
2330 3557 2672 3618 Francisco
2724 3556 2837 3617 ab·

379 3655 532 3716 bate
566 3655 644 3715 de
689 3655 1072 3734 Savignano.
1119 3655 1443 3734 Raynerio
1487 3656 1801 3718 monacho
1843 3662 1910 3716 et
1955 3655 2309 3734 Taglafune
2351 3674 2658 3716 converso
2700 3655 2833 3715 ord.

523 3933 564 3994 ¹)
591 3932 870 3992 Johanna,
912 3933 1133 3982 Tochter
1168 3934 1260 3983 dee
1292 3933 1522 3997 qulino
1555 3935 1816 3993 Vieconti,
1845 3932 2171 3996 qewohnlieh
2195 3933 2348 3982 Nino
2374 3939 2630 3994 qenannt,
2654 3931 2839 3981 Judex

377 4037 480 4070 von
517 4021 742 4072 Gallum
778 4021 842 4071 in
876 4021 1195 4082 Sardinien,
1236 4022 1365 4073 iiber
1399 4022 1504 4071 den
1541 4024 1768 4072 Per-rene
1807 4023 1952 4071 Hice.
1991 4022 2056 4071 de
2094 4020 2348 4071 Florem
2376 4022 2479 4071 :292
2514 4022 2594 4083 ffi,
2640 4020 2840 4070 Villam·

375 4112 408 4160 1
447 4111 617 4172 primi
653 4111 758 4161 due
793 4111 957 4161 secoli
991 4111 1132 4160 della
1166 4112 1335 4162 storia
1369 4111 1430 4161 di
1467 4112 1690 4161 Fir-onze
1723 4112 1742 4138 ²
1770 4114 1891 4163 272.
1921 4113 2025 4160 275
2070 4111 2185 4160 und
2219 4111 2306 4160 die
2344 4116 2466 4172 qtae
2489 4111 2839 4159 Zusammen-

375 4199 607 4261 otellunq
656 4198 742 4249 bei
786 4199 1127 4249 Scor-canini
1179 4199 1564 4262 Enciclopedia
1612 4201 1868 4248 damesca
1924 4201 2239 4249 13:39-1331.
2292 4201 2592 4249 2151-2152
2629 4213 2697 4247 zu
2733 4213 2840 4247 vorb

376 4289 618 4351 qlet'chen
666 4288 813 4347 sind,
865 4305 941 4338 wo
990 4290 1167 4351 einim
1214 4291 1307 4339 der
1357 4291 2032 4339 Dante-Kommentatoren
2073 4289 2365 4351 anqelilhrt
2402 4289 2626 4346 werden,
2677 4289 2839 4338 deren

374 4378 725 4440 Auluihlunq
775 4378 890 4427 hier
937 4394 1006 4425 zu
1055 4379 1172 4427 weit
1218 4379 1419 4439 fabren
1465 4379 1661 4429 witrde.
1755 4380 1926 4438 Nina,
1973 4378 2332 4428 Verbit‘ndeter
2368 4379 2460 4428 der
2497 4376 2836 4439 Gudlenliqa

376 4482 543 4530 qeqen
578 4466 724 4516 aeine
769 4467 1088 4527 Veteratodt,
1114 4468 1288 4518 kehrte
1313 4468 1512 4530 inlolqe
1536 4469 1628 4518 dee
1669 4469 1931 4519 Friedem
1971 4484 2073 4516 von
2110 4467 2403 4517 Fuoeochio
2444 4467 2599 4531 (oben
2624 4482 2676 4515 n.
2705 4467 2835 4531 959)

375 4556 439 4604 in
461 4556 604 4605 dicae
629 4555 848 4616 zur-acle,
874 4556 1005 4619 qino
1030 4556 1156 4622 ῥοιά
1175 4558 1314 4607 nach
1338 4557 1636 4608 Sardinien
1659 4559 1775 4608 und
1799 4558 1944 4607 scarb
1977 4559 2131 4609 1:296.
2154 4557 2315 4605 Scine
2337 4556 2560 4606 Toohter
2574 4555 2837 4605 Johanna

373 4644 623 4694 heirame
671 4648 850 4707 spate»-
900 4645 1160 4695 Rizzardo
1197 4647 1259 4695 di
1295 4645 1544 4706 Camino,
1582 4646 1686 4696 den
1724 4646 2079 4696 Reichsvikar
2120 4662 2221 4694 von
2258 4645 2493 4694 Trevioo.
2641 4644 2686 4709 ε)
2724 4643 2834 4693 kal.

372 4734 500 4795 fehlt
537 4734 620 4783 bei
645 4735 858 4783 θεοίνια.
