4000 5700
1069 499 1173 550 126
1710 498 2157 554 REGESTUM
2193 498 2815 553 VOLATERRANU
2819 499 2879 552 M

1064 694 1492 756 Monteviride
1531 695 1618 755 ad
1657 694 1785 757 kal.
1832 696 1958 756 ian.
2043 695 2185 756 Act.
2229 694 2406 757 Vult.
2450 696 2518 755 in
2557 696 2753 757 domo
2794 695 3068 756 filiorum
3124 695 3234 776 qd.
3279 696 3520 776 Burgo-

1065 793 1309 871 gnoniS.
1396 793 1657 855 Ruffolo
1698 792 1808 874 qd.
1853 792 2229 854 Guiccherii.
2275 793 2659 855 Baldinocto
2701 793 2808 872 qd.
2854 792 3148 854 Dainelli.
3194 792 3523 854 Africante

1065 888 1172 968 qd.
1215 890 1516 951 Chicchii.
1598 890 1997 952 Isimbardus
2040 895 2176 951 not.

1384 986 1650 1049 Florem
1679 987 1833 1048 Ast.
1868 986 2055 1062 (Volt.
2087 987 2249 1048 1217
2274 989 2355 1048 I-I
2382 989 2442 1062 1,
2471 1009 2537 1049 π
2569 988 2712 1065 167)
2742 988 2916 1065 Oriq.

1067 1181 1205 1242 354.
2636 1183 2936 1256 Volterra,
2967 1182 3007 1243 9
3031 1183 3312 1244 Februar
3340 1181 3520 1244 1218.

1184 1279 2504 1359 MCOXV11‚Vid.feb.F1-aiepane
2544 1280 2755 1342 Vult.
2786 1285 3165 1360 potestas
3201 1286 3521 1359 protestor

1066 1395 1281 1438 coram
1325 1377 1510 1439 vobis
1552 1377 1818 1439 Alberto
1859 1378 2160 1440 Massano
2200 1398 2321 1457 ep„
2365 1398 2532 1459 pape
2572 1379 2887 1457 delegatO,
2932 1397 3047 1457 pro
3077 1378 3261 1439 vobis
3289 1383 3356 1438 et
3387 1379 3520 1457 ple·

1066 1474 1236 1536 bano
1279 1475 1659 1554 Be(rnardo)
1702 1475 2122 1556 condelegato
2169 1482 2387 1537 vestro
2441 1496 2630 1556 super
2683 1477 3046 1556 cognitione
3100 1475 3519 1553 laudamenti‚

1065 1592 1197 1633 non
1218 1574 1674 1652 preiudicando
1695 1576 1971 1647 comuni,
2003 1577 2056 1635 si
2082 1574 2571 1636 laudamentum
2593 1593 2722 1636 non
2744 1581 2861 1647 est,
2891 1573 3066 1654 quod
3088 1579 3356 1652 paratus
3376 1593 3520 1635 sum

1067 1671 1401 1733 ostendere
1441 1692 1657 1734 coram
1699 1671 1905 1745 vobis,
1947 1671 2124 1752 quod
2151 1671 2232 1732 de
2260 1674 2397 1733 iure
2425 1691 2554 1734 non
2588 1677 2788 1746 tenet,
2818 1672 2995 1752 quod
3036 1671 3283 1733 dictum
3324 1672 3452 1734 fuit
3484 1691 3528 1732 a

1066 1770 1398 1847 M(artino)
1429 1789 1529 1848 ep.
1560 1777 1626 1830 et
1655 1770 2101 1848 C(ortesonno)
2131 1772 2457 1849 preposito
2485 1771 2662 1831 Aret.
2692 1772 2860 1832 inter
2888 1770 3276 1850 (Paganum)
3307 1790 3408 1849 ep.
3451 1775 3519 1831 et

1065 1868 1418 1928 civitatem.
1464 1868 1739 1929 Paratus
1780 1888 1924 1929 sum
1967 1874 2253 1948 prestare
2292 1871 2655 1930 cautionem
2700 1868 2937 1929 iudicio
2978 1868 3139 1929 sisti.
3191 1868 3292 1929 Ex
3336 1874 3522 1947 parte

1066 1984 1234 2044 pape
1262 1984 1378 2026 vos
1405 1967 1679 2045 inquir0,
1708 1972 1786 2026 ut
1813 1967 2105 2028 homines
2131 1965 2310 2027 Vult.
2340 1965 2424 2026 ab
2453 1967 3115 2027 excommunicat-ione
3143 1965 3517 2027 absolvatis.

1065 2062 1209 2123 Aet.
1254 2062 1430 2123 Vult.
1474 2064 1541 2124 in
1568 2063 1745 2123 curia
1771 2082 1872 2141 ep.
1931 2062 2308 2125 Ildibrando
2337 2062 2610 2141 plebano
2637 2062 2717 2122 de
2744 2062 3073 2141 Campilia.
3106 2063 3350 2141 Tempe
3378 2082 3518 2123 can.

1068 2158 1384 2220 MassanO.
1417 2159 1633 2221 Presb.
1679 2160 2022 2221 Vincentio
2061 2160 2438 2239 cappellano
2479 2160 2628 2220 eccl.
2673 2179 2724 2219 S.
2767 2160 3009 2238 Angeli.
3051 2160 3270 2221 Presb.
3310 2159 3519 2221 Bona·

1067 2259 1234 2318 mico
1275 2256 1541 2318 custode
1581 2259 1731 2319 eccl.
1776 2278 1826 2318 S.
1868 2258 2070 2319 Marie
2112 2257 2289 2318 Vult.
2346 2257 2564 2319 Presb.
2609 2257 2891 2319 Martino
2938 2256 3314 2336 cappellano
3365 2257 3517 2318 eccl.

1056 2371 1114 2417 s.
1158 2355 1402 2416 Lazari.
1490 2355 1885 2417 Isimbardus
1926 2376 1976 2416 s.
2020 2358 2175 2435 imp.
2219 2361 2356 2416 not.

1382 2452 1646 2514 Florem
1672 2452 1827 2513 Ast.
1862 2452 2054 2529 (Volt.
2088 2453 2248 2514 1217
2278 2453 2357 2512 II
2385 2452 2443 2524 9,
2473 2472 2536 2512 n.
2566 2451 2711 2530 158)
2741 2452 2916 2530 Oriq.

1065 2652 1210 2714 355.
1514 2656 1521 2662 ’
2598 2649 2894 2720 Volterra,
2928 2649 3008 2710 12
3033 2646 3312 2710 februar
3339 2648 3520 2710 1218.

1185 2747 1572 2820 MCCXVH,
1619 2747 1750 2809 ind.
1792 2748 1906 2820 VI,
1962 2746 2168 2826 pridie
2229 2746 2515 2808 {dffebn
2601 2747 3233 2827 Frangnepanis
3287 2746 3522 2808 Vult.

1064 2854 1347 2928 potest
1365 2867 1447 2910 as
1487 2845 1568 2907 de
1609 2846 1873 2908 consilio
1902 2845 2172 2908 Str-enne
2200 2845 2305 2925 qd.
2338 2846 2693 2919 Silimanni,
2724 2845 3153 2925 Bonparentis
3180 2845 3287 2925 qd.
3315 2843 3517 2907 Bone-

1062 2946 1230 3019 fidei,
1277 2944 1651 3025 Boneguide
1691 2945 1800 3024 qd.
1846 2944 2048 3005 Parisi
2088 2963 2377 3006 meorum
2418 2944 2941 3015 consiliariorum,
2985 2943 3318 3004 consulum
3360 2963 3520 3003 mer·

1065 3048 1380 3116 catorum,
1423 3043 1769 3121 provisoris
1810 3047 1876 3102 et
1916 3043 2179 3102 rectoris
2235 3041 2421 3120 burgi
2474 3060 2525 3102 s.
2567 3040 2788 3112 Maris,
2844 3041 3107 3101 rectoris
3161 3040 3243 3101 de
3294 3041 3518 3103 Prato-

1064 3159 1301 3213 marm,
1344 3147 1663 3201 rectorum
1706 3140 1787 3201 de
1836 3139 2035 3200 Porta
2090 3138 2312 3212 Silicis,
2355 3140 2619 3200 rectoris
2673 3158 2725 3200 s.
2769 3137 3074 3199 Iohannis
3128 3144 3196 3199 et
3250 3139 3520 3200 aliorum

1026 3296 1029 3297 γ
1063 3238 1242 3300 XLV
1282 3243 1605 3316 protestor
1645 3256 1860 3298 coram
1903 3235 2088 3297 vobis
2117 3236 2383 3298 Alberto
2411 3237 2711 3297 Massano
2736 3255 2838 3314 ep.
2867 3240 2934 3295 et
2963 3233 3255 3298 Gnidone
3282 3236 3526 3297 abbate

1062 3357 1109 3397 s.
1154 3335 1481 3396 Michaelis
1521 3334 1603 3395 de
1646 3335 1863 3413 Burgo
1903 3335 2031 3395 Pis.
2074 3334 2384 3413 delegatis
2417 3352 2585 3413 pape
2611 3333 2697 3394 ad
2723 3332 3131 3395 concordiam
3157 3333 3520 3395 faciendam

1061 3435 1229 3495 inter
1273 3433 1656 3511 (Paganum)
1702 3433 1877 3494 Vult.
1922 3452 2020 3511 ep.
2066 3437 2132 3492 et
2174 3451 2297 3506 me,
2328 3431 2504 3510 quod
2530 3436 2798 3510 paratus
2825 3450 2969 3491 sum
2997 3432 3527 3509 compromittere

1060 3534 1127 3593 in
1169 3550 1305 3593 vos.
1389 3532 1532 3592 Act.
1577 3530 1752 3591 Vult.
1795 3532 1860 3591 in
1905 3530 2151 3609 palatio
2190 3550 2290 3610 ep.
2386 3529 2632 3609 Tempo
2690 3549 2832 3590 can.
2889 3528 3080 3589 Mass.
3132 3528 3526 3601 Ildebrando

1058 3629 1338 3708 plebano
1378 3630 1458 3690 de
1498 3630 1850 3708 Campillia.
1899 3629 2217 3690 Ieronimo
2260 3647 2531 3688 monaco
2557 3646 2607 3688 s.
2638 3627 2805 3688 Iusti
2833 3633 2915 3687 tt.
2999 3626 3290 3688 Ventura
3317 3627 3522 3689 Trim·
3565 3697 3574 3707 ⁸

1059 3728 1264 3789 chetti
1305 3729 1457 3807 imp.
1501 3727 1644 3788 aule
1684 3732 1821 3787 not.

1378 3825 1639 3886 Florenz
1666 3824 1819 3886 Ast.
1854 3825 2045 3902 (Volt.
2076 3825 2237 3886 1217
2264 3824 2345 3884 ΙΙ
2371 3823 2471 3897 12,
2500 3844 2565 3884 η.
2596 3822 2741 3901 159)
2773 3823 2944 3901 Θήρ.

1062 4025 1198 4084 356.
2596 4018 2895 4091 Volterra,
2926 4018 3006 4078 17
3033 4018 3312 4079 Februar
3338 4017 3522 4080 1218

1184 4119 1569 4194 MCCXVII,
1614 4117 1787 4180 XIII
1816 4118 1941 4180 kal.
1972 4125 2185 4191 mart„
2218 4118 2346 4178 ind.
2378 4117 2491 4179 VI.
2577 4117 3067 4196 Fraiepanis
3108 4117 3337 4179 Vult.
3383 4136 3521 4196 po-

1060 4224 1329 4280 testas
1371 4208 1450 4279 de
1491 4236 1803 4278 consensu
1845 4216 1951 4277 III
1993 4168 2517 4289 consiliariorum,
2562 4215 2632 4276 II
2675 4215 3006 4275 consulum
3065 4222 3520 4290 mercatorum,

1062 4317 1129 4377 II
1174 4316 1677 4395 proveditorum,
1729 4314 2018 4376 XLVIII
2072 4314 2409 4374 hominum
2463 4315 2805 4375 constituit
2859 4319 3338 4392 procuratorem
3395 4311 3486 4373 1.¹
3497 4317 3516 4390 )

1058 4415 1234 4476 Vult.
1280 4412 1663 4492 archipresb.
1703 4432 1893 4492 super
1919 4431 2114 4473 causa
2144 4413 2314 4472 inter
2343 4411 2726 4491 (Paganum)
2756 4430 2859 4489 ep.
2892 4417 2958 4471 et
2987 4412 3178 4484 cives,
3210 4413 3313 4472 cui
3341 4411 3522 4477 dedit

1060 4518 1449 4592 potestatem
1495 4510 1827 4591 prestandi
1869 4512 2234 4572 cautionem
2279 4529 2463 4588 pape,
2495 4509 2670 4589 quod
2698 4528 2969 4570 comune
2997 4514 3064 4569 et
3091 4509 3387 4570 homines
3407 4528 3522 4588 pa·

1208 4720 1248 4782 ¹)
1286 4717 1577 4769 Iacobum.
