4000 5700
994 518 1001 526 '
1034 527 1478 585 REGESTUM
1514 511 2200 582 voLATERRANUM
2774 530 2844 584 69

400 730 531 790 192.
910 761 917 768 ·
2051 725 2264 798 Sima,
2307 725 2390 786 30
2430 726 2624 804 April
2663 727 2844 790 1162.

512 827 740 888 Comes
771 824 1472 900 Ildibrandinus¹)
1503 823 1798 903 promisit
1827 820 2256 904 Gualgano
2283 844 2381 904 ep.
2410 825 2583 887 Vult.
2608 831 2845 900 totum,

396 925 571 1005 quod
611 925 677 985 in
719 921 969 985 cartula
1001 921 1397 985 laudamenti
1425 922 1565 981 dati
1600 942 1640 981 a
1666 919 2034 982 consulibus
2075 921 2154 982 de
2195 921 2363 983 Sena
2388 921 2699 1003 scriptum
2727 933 2844 1000 est,

398 1023 886 1085 observaturum
906 1020 1028 1082 sub
1049 1040 1216 1101 pena
1238 1020 1437 1084 CCCC
1457 1018 1661 1080 mark.
1685 1038 1840 1099 arg.;
1864 1039 1963 1099 ep.
1988 1023 2283 1100 promisit
2304 1041 2370 1083 se
2391 1021 2614 1083 eadem
2639 1022 2848 1086 obser-

402 1125 703 1183 vaturum
745 1117 866 1179 sub
908 1117 1050 1197 pari
1086 1136 1273 1196 pena,
1317 1121 1587 1196 excepto
1630 1116 2001 1179 Pannockia
2021 1119 2090 1194 2),
2141 1119 2245 1178 cui
2299 1118 2491 1179 nichil
2532 1118 2844 1199 promisit.

399 1220 543 1280 Act.
588 1217 750 1278 Sene
791 1217 859 1276 in
898 1214 1143 1295 palatio
1184 1234 1282 1294 ep.
1364 1215 1697 1288 MCLXII,
1727 1213 1858 1275 ind.
1891 1215 1975 1289 X,
2008 1216 2169 1294 prid.
2202 1213 2329 1276 kal.
2374 1215 2545 1276 mad.
2588 1218 2658 1278 in
2681 1236 2847 1296 pres.

399 1314 729 1378 consulum
774 1315 856 1376 de
898 1314 1079 1377 Sena.
1124 1313 1369 1394 Ugonis
1410 1311 1833 1373 Bononiensis
1874 1311 1955 1371 de
1995 1317 2188 1391 porta
2228 1313 2629 1376 Ravennate.
2675 1317 2852 1378 Petri

399 1412 685 1475 Albizelli
730 1411 1106 1474 Pisanorum
1149 1408 1445 1473 consulis.
1487 1409 1749 1483 Alkerii‚
1794 1409 2095 1484 Rainerii‚
2133 1409 2463 1491 Bulgarini
2506 1412 2849 1476 advocato-

396 1531 541 1573 rum
587 1512 982 1573 Pisanorum.
1070 1509 1406 1570 Rainerius
1430 1510 1475 1584 8)
1521 1507 1715 1569 iudex
1756 1507 1891 1569 ord.
1936 1507 2121 1569 Fred.
2167 1511 2320 1589 imp.

724 1627 886 1689 Vozt.
934 1625 1173 1688 AVecc.
1217 1645 1267 1685 3.
1313 1624 1460 1684 XII
1503 1624 1625 1684 dec.
1661 1624 1697 1685 7
1722 1644 1787 1684 n.
1819 1624 1859 1684 4
1899 1623 2072 1702 Oriq.
2116 1624 2299 1686 [siber
2337 1627 2576 1688 iurium
2604 1627 2702 1689 13.
2747 1630 2848 1690 cit.

401 1903 536 1964 193.
1993 1899 2316 1974 Montieri,
2360 1900 2439 1961 31
2481 1901 2630 1964 Mai
2670 1903 2850 1966 1162.

517 1998 1173 2063 Ildebrandinus
1204 2002 1251 2076 4)
1307 2018 1520 2060 comes
1560 1998 1720 2071 iuro,
1767 1998 1939 2077 quod
1995 2018 2126 2059 non
2166 1995 2390 2059 tollam
2437 2001 2851 2063 medietatem

394 2097 597 2160 castri
637 2095 913 2159 Cerialci
937 2096 1059 2157 tibi
1088 2097 1255 2158 Gua
1273 2094 1346 2175 lg
1364 2116 1515 2158 ano
1541 2115 1640 2175 ep.
1675 2094 1927 2173 (Vult.),
1955 2101 2024 2157 et
2052 2095 2107 2155 si
2134 2095 2500 2174 perdideris,
2531 2098 2855 2161 adiuvabo

395 2203 463 2257 te
478 2215 868 2274 recuperare,
889 2200 1162 2274 excepto
1188 2201 1413 2256 contra
1440 2193 1889 2273 imperatorem
1917 2200 1985 2255 et
2012 2195 2444 2256 marchionem
2467 2198 2537 2273 ⁸).
2622 2197 2736 2259 Gu
2753 2197 2854 2258 al·

392 2314 658 2375 ganus
710 2313 808 2374 ep.
858 2291 1084 2371 (Vult.)
1144 2292 1299 2365 iur0,
1344 2292 1520 2371 quod
1560 2312 1690 2353 non
1733 2292 1955 2354 tollam
1997 2292 2412 2355 medietatem
2468 2297 2661 2355 castri
2704 2295 2855 2357 Ger·

398 2393 552 2453 falci
592 2391 710 2452 tibi
756 2392 976 2452 comiti
1016 2388 1642 2462 IldebrandinO,
1686 2396 1754 2451 et
1794 2389 1848 2450 si
1886 2387 2254 2469 perdideris„
2300 2391 2625 2453 adiuvabo
2680 2412 2856 2455 recu-

397 2509 643 2568 perare,
688 2496 959 2568 excepto
999 2493 1226 2549 contra
1267 2487 1709 2566 apostolicum,
1753 2488 2225 2566 imperatorem,
2270 2488 2722 2551 marchionem.
2767 2491 2856 2552 Et

397 2608 552 2649 eum
594 2608 792 2649 manu
832 2586 1093 2667 propria
1131 2587 1485 2648 investivit.
1568 2586 1714 2647 Act.
1758 2585 1827 2646 in
1854 2584 2269 2661 tabernaculo
2296 2607 2344 2647 s.
2379 2586 2543 2649 Galli
2569 2587 2650 2648 de
2676 2589 2854 2649 Mon·

399 2684 526 2745 teri
580 2684 912 2754 MCLXII,
954 2684 1025 2744 II
1067 2680 1193 2744 kal.
1238 2683 1393 2756 iun.,
1443 2683 1575 2744 ind.
1633 2683 1719 2744 X.
1817 2688 1899 2743 tt.
1956 2702 2169 2744 comes
2225 2684 2637 2762 Gerardus⁶).
2694 2685 2855 2747 Her-

401 2802 681 2843 mannus
735 2782 817 2843 (16
872 2780 1060 2845 Colle.
1121 2781 1574 2843 Ottomannus.
1632 2780 2106 2843 GualandelluS.
2164 2781 2597 2863 Lamprettus.
2655 2784 2857 2847 Cado-

400 2880 621 2943 lettus.
709 2879 1046 2942 Rainerius
1088 2879 1280 2940 iudex
1322 2880 1456 2941 ord.

731 2997 887 3059 Volt.
933 2995 1175 3057 AVecc.
1218 3015 1268 3055 8.
1314 2994 1464 3056 XII
1505 2996 1628 3057 dec.
1678 2997 1714 3058 7
1753 3016 1817 3057 n.
1853 2995 1890 3055 7
1929 2993 2101 3073 Om‘q.
2147 2996 2330 3057 [siber
2369 2999 2608 3061 iuriam
2649 2998 2730 3060 13
2755 3000 2856 3060 cit.

406 3274 546 3333 194.
1354 3268 1827 3330 Montalcinello
1866 3269 2000 3329 und
2041 3268 2323 3343 Tramle,
2366 3268 2449 3329 19
2489 3269 2638 3329 Mai
2676 3268 2857 3331 1163.

528 3364 900 3440 MCLXIII,
930 3366 1140 3427 XIIII
1169 3365 1296 3425 kal.
1327 3367 1481 3428 iun..
1525 3366 1657 3427 ind.
1689 3367 1810 3428 XI.
1895 3367 2123 3428 Comes
2164 3366 2593 3427 Pannokia
2631 3374 2701 3428 et
2737 3365 2859 3427 Al-

401 3464 764 3547 digarda
790 3484 953 3526 uxor
980 3470 1046 3525 et
1074 3432 1579 3537 Pannokino,
1613 3464 2079 3537 Rainerius,
2111 3464 2465 3545 Ugerius
2506 3465 2552 3525 f.
2578 3471 2645 3525 et
2673 3468 2860 3530 Con·

409 3570 493 3626 te
509 3583 640 3624 ssa
666 3582 827 3623 uxor
850 3563 1152 3635 Rainerii‚
1175 3563 1569 3642 interrogata
1595 3582 1635 3623 a
1663 3564 1964 3625 Rainerio
1991 3563 2222 3637 iudice,
2253 3564 2695 3643 promittimus
2714 3562 2861 3626 Gal-

402 3682 576 3742 gano
618 3680 716 3740 ep.
761 3661 938 3723 Vult.
980 3658 1159 3721 litem
1202 3679 1332 3721 non
1371 3659 1579 3722 facere
1628 3663 1707 3722 de
1761 3662 1956 3723 tertia
2008 3667 2192 3740 parte
2247 3661 2614 3723 medietatis
2667 3663 2862 3723 castri

400 3757 700 3831 Getis-lei,
745 3758 930 3821 nobis
968 3760 1292 3820 sententia
1330 3757 1704 3820 Senensium
1746 3757 2079 3820 consulum
2120 3778 2239 3837 pro
2281 3759 2468 3821 feodo
2504 3761 2860 3839 assignata3

410 3878 559 3938 pen.
604 3863 864 3919 centum
907 3856 1014 3918 lib.
1060 3855 1214 3920 Luc.
1258 3864 1325 3919 et
1364 3857 1493 3917 Pis.
1536 3857 1681 3919 den.
1766 3856 2049 3918 Scribere
2092 3866 2480 3937 rogaverunt
2508 3859 2683 3919 intus
2710 3859 2859 3920 eccl.

406 3957 606 4016 castri
648 3955 728 4016 de
770 3953 1160 4018 Montalcino
1216 3955 1542 4016 territurio
1585 3955 1757 4018 Vult.
1802 3962 1869 4016 et
1923 3953 2274 4035 Aldjgarda
2327 3961 2394 4016 et
2450 3958 2756 4019 Contessa
2797 3958 2863 4016 in

412 4060 628 4115 castro
666 4055 745 4116 (16
787 4052 1056 4116 Travale
1098 4072 1258 4134 pres.
1299 4053 1608 4114 Iohannis
1647 4051 1874 4114 iudicis
1917 4054 1996 4114 (16
2039 4056 2336 4114 Lomena.
2367 4052 2725 4116 Baroncelli
2752 4053 2862 4132 qd.

413 4151 611 4213 Ponti
652 4152 732 4213 de
773 4152 954 4214 Sena.
999 4151 1363 4233 Lampretti
1405 4152 1509 4232 qd.
1552 4152 1789 4214 Truffe.
1836 4151 2133 4213 Guidotti
2189 4151 2297 4231 qd.
2340 4150 2617 4231 Ugolini.
2664 4152 2863 4215 Cado-

406 4248 559 4310 letti
602 4250 682 4310 de
722 4248 966 4310 Belora.
1013 4248 1361 4311 Bonacorsi
1413 4250 1493 4310 de
1548 4249 1847 4311 Buriano.
1894 4248 2296 4310 Gualandelli
2352 4249 2462 4328 qd.
2507 4249 2860 4311 Maleteste.

414 4346 788 4428 Galganetti
827 4349 908 4409 de
948 4347 1187 4409 Sancto
1228 4345 1626 4408 Geminiano.
1670 4345 1885 4408 Cencii
1911 4346 1992 4406 de
2021 4347 2242 4407 Monte
2275 4346 2618 4408 VultrariO.
2648 4346 2867 4408 Tedici

560 4573 598 4637 ')
636 4573 989 4624 Ildebrcmdin
1030 4573 1129 4632 VI,
1167 4589 1208 4622 ε.
1230 4590 1284 4622 n.
1316 4576 1433 4624 191.
1546 4572 1588 4637 ¹³)
1629 4572 1841 4622 Bruder
1876 4572 1966 4621 dea
1991 4571 2254 4632 Bisa-hose,
2281 4569 2489 4621 Rainer
2513 4570 2586 4619 II
2621 4571 2867 4621 Pannon-

400 4663 667 4720 emmoni,-
690 4680 732 4713 ε.
758 4680 813 4714 n.
844 4665 962 4714 191.
1072 4662 1115 4727 ¹¹)
1138 4663 1258 4711 Aue
1283 4663 1465 4713 Siena.
1612 4662 1654 4726 ⁴)
1694 4662 1752 4711 S.
1791 4661 1878 4712 die
1914 4662 2129 4723 voriqen
2164 4660 2433 4722 Reqcsten.
2582 4658 2626 4723 ⁵)
2664 4659 2865 4711 Wolfo·

410 4768 544 4803 nem
578 4753 676 4803 VI.
822 4751 866 4814 ⁶)
906 4752 1140 4803 Gathar-d
1184 4753 1300 4803 VII
1338 4752 1706 4804 Gherardeeca.
