4000 5700
1065 494 1512 550 REGESTUM
1553 494 2173 549 VOLATERRANU
2178 496 2240 549 M
2775 494 2880 552 38¹1

2100 591 2257 597 ————
2300 590 2435 597 ----
2502 592 2613 597 ..—-—..
2638 592 2769 597 -——
2812 592 2884 598 -—-..

421 692 482 751 ei
523 691 869 752 terminum
910 690 1266 769 assignavit
1302 689 1392 751 ad
1427 689 1598 753 VIII
1638 690 1775 752 dies
1826 689 1914 752 ad
1968 689 2407 771 recipiendum
2447 690 2777 769 apostolus
2811 698 2889 754 et·

422 795 588 850 acta.
674 788 882 849 Diuus
922 786 1232 850 Gualterii
1274 787 1358 847 de
1396 787 1571 850 Vult.
1614 787 1767 867 imp.
1815 795 1988 851 auct.
2033 789 2231 850 iudex
2268 787 2404 850 ord.
2449 797 2515 850 et
2559 794 2692 851 not.

745 886 1004 947 norm
1048 885 1194 945 Ast.
1239 885 1428 961 (Vols.
1469 907 1534 946 π.
1578 885 1764 963 1460)
1807 884 1979 964 Oriq.

424 1083 560 1143 989.
1804 1081 2174 1159 Bet-iam,
2217 1082 2301 1143 30
2337 1082 2662 1144 December
2702 1081 2879 1145 1299.

546 1180 662 1240 Ra
672 1199 906 1258 yner1
923 1199 960 1238 u
978 1199 1012 1241 s
1053 1200 1152 1258 ep.
1184 1180 1360 1241 Vult.
1391 1179 1656 1259 prelatis
1678 1185 1750 1242 et
1775 1178 1917 1240 aliis
1942 1177 2354 1241 ecclesiarum
2387 1179 2743 1241 rectoribus
2767 1199 2884 1260 per

421 1276 584 1338 dioc.
666 1277 828 1339 Cum
870 1277 1055 1339 citari
1097 1276 1433 1339 fecerimus
1472 1275 1895 1338 Vecchettam
1923 1276 2006 1338 de
2031 1276 2423 1356 Accharigiis
2449 1275 2532 1338 de
2559 1276 2741 1339 Senis
2768 1296 2879 1358 po·

424 1379 729 1438 testatem
769 1375 942 1437 Vult.
985 1381 1053 1437 et
1093 1374 1336 1436 Ninum
1378 1375 1653 1437 iudicem
1695 1380 2105 1437 executorem
2144 1374 2335 1436 officii
2376 1376 2738 1454 potestatis,
2768 1395 2879 1437 no·

423 1474 624 1535 turios
662 1479 732 1534 et
767 1472 1115 1536 familiares
1157 1474 1294 1536 eius
1332 1492 1451 1554 pro
1496 1473 1750 1535 notoria
1806 1474 2041 1534 iniuria
2093 1473 2278 1535 nobis
2331 1472 2512 1535 illata
2566 1473 2878 1554 capiendo

424 1570 736 1634 violenter
773 1577 1064 1633 nostrum
1109 1573 1392 1634 iuratum
1437 1572 1735 1633 nuntium
1776 1570 1864 1633 ad
1903 1576 2298 1650 potestatem
2338 1590 2487 1632 cum
2513 1573 2750 1633 nostris
2777 1572 2878 1634 lit-

421 1671 579 1732 teris
616 1671 988 1732 monitionis
1026 1676 1290 1732 euntem
1329 1676 1399 1733 et
1441 1672 1507 1732 in
1546 1672 1808 1751 cippum
1837 1673 1881 1747 ¹)
1917 1671 2097 1731 mitti
2121 1670 2419 1732 faciendo
2446 1690 2521 1732 ac
2547 1689 2680 1732 non
2707 1689 2877 1733 com-

423 1770 772 1849 paruerint,
815 1788 933 1831 nos
973 1771 1040 1831 in
1080 1775 1493 1849 potestatem,
1536 1769 1835 1842 indicem,
1879 1789 1983 1831 ser
2022 1768 2267 1831 Nosum
2297 1774 2366 1830 et
2393 1788 2493 1830 ser
2520 1768 2876 1831 Colleczum

421 1868 707 1930 notarios
760 1869 1120 1948 potestat-is,
1178 1867 1639 1939 Gucciolinum,
1699 1867 2021 1949 Rigalum,
2078 1869 2345 1941 Minum,
2403 1869 2876 1939 Montanium,

422 1965 860 2028 Venturellam
905 1966 1163 2037 Rufini,
1206 1966 1641 2029 Venturellam
1684 1967 1908 2028 Nuccii
1950 1965 2297 2027 familiares
2335 1967 2473 2027 eius
2512 1984 2879 2028 excommu-

423 2064 812 2126 nicationem
855 2064 1416 2145 promulgavimus.
1460 2064 1751 2143 Cumque
1791 2063 2192 2127 Iohanninus
2231 2063 2341 2143 qd.
2371 2063 2739 2127 Benvenuti
2765 2067 2875 2143 qui

425 2169 713 2224 moratur
751 2163 955 2237 Vult„
995 2169 1374 2243 procurator
1413 2165 1715 2244 ipsorum,
1757 2162 1987 2225 frivole
2028 2162 2367 2243 appellarit
2405 2168 2475 2224 et
2516 2181 2634 2224 nos
2665 2163 2725 2223 ei
2751 2169 2878 2225 ter-

413 2261 670 2321 ·minum
710 2262 1127 2323 statuerimus
1166 2261 1250 2322 ad
1291 2260 1686 2340 recipiendos
1712 2265 1966 2322 nostros
1992 2260 2339 2339 apostolos,
2368 2262 2631 2323 veniens
2656 2261 2725 2322 in
2752 2266 2878 2322 ter-

390 2358 597 2420 ·mino
637 2358 1074 2421 inlicentiatus
1114 2360 1374 2421 recessit
1412 2378 1541 2421 non
1582 2359 1945 2439 recipiendo
1985 2358 2333 2439 apostolos,
2376 2377 2524 2420 cum
2564 2360 2740 2440 ipsos
2765 2378 2877 2439 pa·

422 2461 598 2518 ratos
657 2456 1072 2530 haberemus;
1144 2477 1225 2519 ex
1281 2475 1412 2536 quo
1458 2476 1606 2519 eum
1660 2462 2109 2519 contumacem
2156 2458 2873 2520 excommunicavimus.

423 2552 823 2621 mandamus,
870 2555 1176 2635 quatinus
1213 2554 1319 2617 die
1359 2555 1923 2634 representationis
1968 2556 2356 2635 presentium
2400 2554 2506 2615 vel
2539 2555 2756 2616 saltim
2782 2574 2875 2617 se-

422 2652 646 2730 quenti
698 2657 768 2712 et
821 2652 1235 2731 postmodum
1293 2652 1561 2734 singulis
1612 2651 1841 2714 diebus
1894 2653 2068 2732 ipsos
2121 2653 2715 2715 excommunicatos
2768 2652 2874 2715 de·

420 2750 747 2812 nuntietis.
792 2750 944 2811 Dat.
989 2750 1347 2833 Berignone
1389 2751 1747 2830 penultimo
1788 2750 1945 2823 dec„
1992 2749 2168 2811 XIII
2211 2751 2339 2812 ind.

741 2847 999 2909 Floreaz
1054 2848 1204 2910 Ast.
1265 2848 1454 2924 (Volt.
1500 2847 1661 2911 1299
1715 2847 1756 2908 Ι
1793 2848 1853 2922 1,
1906 2870 1969 2910 π.
2030 2848 2214 2926 1433)
2270 2848 2689 2929 Tramsumpt
2742 2870 2877 2912 vom

739 2946 779 3007 1
819 2946 1076 3009 «Ianuar
1117 2947 1282 3009 1300
1321 2948 1584 3027 (Littere
1626 2947 1900 3030 sigillato
1925 2948 2133 3028 sigillo
2161 2967 2302 3010 cere
2328 2947 2550 3009 viridis
2578 2947 2872 3029 oblongo,

739 3043 806 3105 in
847 3046 1028 3107 ouius
1069 3045 1580 3108 circumferentia
1621 3053 1637 3079 ‘
1660 3047 1703 3122 †
1727 3046 1789 3108 S.
1823 3045 2133 3127 Raynerii
2158 3046 2441 3125 episcopi
2462 3046 2873 3119 Vulterrani’,

738 3148 810 3203 et
831 3144 900 3204 in
926 3142 1137 3205 medio
1164 3143 1441 3222 quedam
1469 3163 1707 3225 ymago
1735 3147 1916 3206 stans
1943 3151 2137 3214 recta,
2167 3143 2619 3223 pontificaliter
2646 3143 2878 3207 induta

645 3255 650 3260 ·
741 3239 826 3300 ad
866 3240 1132 3302 modum
1168 3242 1468 3321 episcopi,
1497 3242 1566 3303 in
1591 3241 1850 3303 sinistra
1879 3247 2106 3306 tenens
2134 3240 2437 3303 baculum
2468 3243 2875 3321 pastoralem,

740 3356 888 3399 cum
928 3338 1160 3399 dextra
1184 3339 1436 3419 signare
1463 3338 1825 3410 videbatur,
1855 3342 2024 3400 circa
2052 3339 2248 3419 pedes
2272 3359 2355 3400 ex
2384 3345 2660 3418 utraque
2686 3347 2875 3420 parte

738 3443 925 3497 erant
963 3435 1096 3497 duo
1137 3435 1513 3513 arboscole).

419 3631 557 3691 990.
1803 3633 2169 3710 Βενίρπωιε,
2212 3633 2295 3695 30
2333 3633 2655 3695 Dezember
2694 3633 2873 3696 1299.

543 3727 1008 3807 Raynerius
1052 3729 1227 3790 Vult.
1270 3749 1368 3808 ep.
1413 3730 1793 3794 Vecchiecte
1834 3729 1916 3792 de
1944 3731 2326 3793 Aocharislis
2365 3730 2447 3792 de
2474 3730 2657 3794 Senis
2694 3738 2875 3811 pote-

417 3827 577 3888 stati
618 3827 817 3900 Vult„
858 3827 1030 3890 Nino
1071 3827 1283 3900 iudici,
1328 3830 1597 3890 notariis
1629 3834 1696 3890 et
1723 3828 2148 3890 familiaribus
2175 3828 2470 3909 spiritum
2501 3829 2746 3891 consilii
2775 3849 2874 3891 sa-

417 3924 628 3986 nior-is.
714 3924 1114 3986 Iohanninus
1142 3924 1249 4003 qd.
1280 3924 1646 3986 Benvenuti
1673 3930 2050 4003 procurator
2081 3931 2311 3996 vester,
2341 3928 2445 3988 cui
2473 3932 2718 3986 certum
2751 3933 2873 3988 ter·

419 4022 665 4082 minum
708 4023 1058 4084 statuimus
1084 4023 1168 4084 ad
1198 4023 1631 4106 recipiendum
1660 4042 1877 4084 coram
1904 4023 2091 4084 nobis
2118 4024 2462 4102 apostolos,
2495 4044 2656 4103 quos
2683 4025 2872 4103 petiit

419 4121 485 4180 in
513 4121 961 4200 appellatione,
983 4120 1133 4182 licet
1159 4122 1403 4183 venerit
1430 4120 1886 4202 Berignonum,
1909 4128 2130 4183 tamen
2161 4122 2597 4184 inlicentiatus
2616 4126 2878 4185 recessit

418 4218 555 4278 sine
594 4218 920 4297 apostolic,
966 4238 1112 4279 cum
1154 4238 1272 4280 nos
1300 4221 1470 4298 ipsos
1498 4219 1877 4281 haberemus
1905 4227 2183 4300 paratos,
2213 4225 2291 4281 ut
2317 4220 2614 4283 daremus
2640 4223 2733 4293 ei;
2762 4221 2873 4281 sed

417 4334 563 4378 ecce
603 4316 789 4378 vobis
829 4317 1154 4395 apostolos
1195 4319 1522 4379 mictimus
1563 4324 1786 4381 nostro
1825 4318 2032 4399 sigillo
2074 4318 2429 4392 roboratos,
2459 4321 2873 4397 requirentes,

561 4541 606 4608 ¹)
642 4543 771 4592 Ital.
796 4557 966 4605 coppo
995 4551 1005 4567 ⁴
1028 4543 1193 4593 Bloch
1215 4542 1246 4594 ’.
1275 4544 1569 4595 Forcellini
1592 4544 1692 4594 sub
1717 4544 1867 4594 verbo
1897 4546 2099 4609 cippm
2127 4547 2185 4595 7:
2217 4553 2231 4574 ⁸
2254 4546 2321 4594 In
2344 4545 2556 4596 Glossis
2583 4546 2874 4596 veteribus

413 4631 721 4696 exponitur
754 4631 931 4681 etiam
972 4631 1221 4696 ligneum
1261 4633 1549 4683 vinculum
1588 4634 1663 4683 ad
1699 4634 1880 4683 instar
1917 4635 2114 4683 ancilis
2153 4635 2371 4684 factum
2412 4651 2525 4699 quo
2575 4635 2870 4686 damnato·

414 4734 542 4772 rum
577 4721 749 4785 pedes
787 4720 1187 4771 vinciebantur
1222 4728 1328 4772 aut
1362 4738 1652 4772 servorum
1672 4723 1704 4772 ⁹.
1769 4713 1774 4719 ⁶

631 4900 700 4948 22
