4000 5700
1066 533 1509 590 REGESTUM
1546 536 2229 592 VOLATERRANUM
2770 540 2798 592 1
2809 542 2833 590 l
2847 541 2871 589 l

416 736 488 791 et
529 729 864 791 castellum
906 729 987 790 de
1027 729 1412 791 Castelnovo
1455 729 1541 791 ad
1581 731 1888 793 honorem
1943 735 2232 793 comunis
2275 733 2476 808 Vult.,
2521 734 2879 796 lambardo·

420 847 564 889 rum
604 833 674 888 et
713 828 1004 889 comunis
1045 828 1406 892 castrinovi
1449 834 1516 888 et
1557 828 1807 890 salvare
1850 830 2142 891 homines
2182 830 2360 891 Vult.
2382 853 2397 905 ;
2442 832 2582 892 iuro
2623 851 2879 893 coman-

414 923 728 985 damenta
765 926 1114 1002 potcstatis
1153 930 1221 985 ct
1270 924 1608 985 consulum
1650 925 1849 1000 Vult„
1899 928 2041 987 iuro
2083 932 2250 988 terre
2293 928 2670 1002 credentias,
2714 930 2883 989 sicut

418 1023 719 1101 imposite
757 1021 1020 1095 fuerint,
1064 1042 1196 1083 non
1238 1021 1669 1095 manifestare,
1715 1022 1973 1085 obedire
2028 1026 2346 1104 preceptis
2394 1025 2723 1087 castellani
2778 1026 2880 1086 vel

417 1126 740 1180 rectorum
782 1122 919 1181 sive
960 1119 1314 1194 consulum,
1359 1120 1468 1200 qui
1511 1119 1752 1181 fuerint
1807 1122 1874 1181 in
1928 1122 2193 1182 castello
2232 1141 2351 1200 pro
2401 1124 2659 1184 comuni
2701 1123 2878 1184 Vult.

420 1223 637 1280 tenere
677 1237 904 1297 pacem
946 1217 1268 1280 Rainaldo
1295 1218 1517 1280 comiti
1546 1225 1615 1279 et
1640 1219 1777 1279 eius
1805 1219 2208 1282 adiutoribus
2238 1227 2305 1281 et
2331 1223 2719 1283 nominatim
2748 1223 2878 1282 exi-

416 1316 584 1376 titiis
609 1316 994 1378 castrinovi.
1078 1315 1222 1375 Act.
1254 1316 1617 1378 castrinovi
1639 1316 1726 1377 ad
1746 1317 2014 1396 podium
2037 1319 2103 1377 in
2126 1321 2394 1398 spacti0‚
2419 1318 2596 1397 quod
2615 1319 2745 1381 fuit
2763 1319 2881 1379 Mi-

419 1410 614 1473 chelis
654 1411 953 1474 Meralde.
1040 1412 1447 1473 Bonaccur'so
1500 1412 1607 1490 qd.
1653 1413 1901 1473 Parisii.
1944 1413 2400 1475 Preitemanno
2454 1414 2563 1494 qd.
2610 1413 2879 1475 Bernar-

419 1509 650 1571 duccii.
694 1508 1133 1588 Ild(cbrando)
1179 1510 1289 1590 qd.
1337 1511 1435 1571 Ru
1443 1511 1644 1590 gerini
1686 1510 1767 1571 de
1808 1511 2207 1573 castronovo
2248 1517 2329 1572 tt.
2428 1509 2737 1591 Sequenti
2776 1512 2882 1573 die

420 1604 511 1667 ibi
554 1611 622 1666 et
658 1607 726 1666 in
767 1607 988 1685 platea
1027 1606 1149 1668 sub
1190 1607 1366 1667 ulmo
1433 1606 1520 1669 cI
1560 1607 1878 1668 nominati
1905 1608 2302 1669 iuraverunt.
2389 1607 2882 1670 Bartholomeus

421 1724 472 1765 ‘³‘
514 1723 666 1783 ΜΨ
710 1709 1200 1884 uramus&
1248 1802 1442 1879 (Vou.
1485 1802 1650 1864 1213
1696 1803 1795 1865 VJ
1836 1802 1917 1865 12
1955 1823 2020 1863 n.
2063 1804 2208 1882 130)
2253 1804 2425 1882 Oriu-

417 1998 559 2059 313.
2051 1998 2348 2073 Volterra,
2391 2001 2471 2062 22
2509 2001 2655 2061 Juli
2695 2001 2877 2062 1213.

539 2094 900 2168 Mooxm,
947 2096 1076 2158 ind.
1122 2095 1176 2169 Ι,
1222 2095 1324 2156 XI
1366 2095 1491 2156 kal.
1536 2115 1681 2175 aug.
1768 2093 1901 2156 Nos
1946 2097 2395 2158 Rainerius
2444 2116 2654 2159 comes
2683 2100 2725 2175 ¹)
2770 2098 2877 2178 qd.

419 2192 792 2272 Henrigecti
835 2194 1090 2255 comitis
1131 2200 1197 2253 et
1240 2192 1655 2254 Gerardus
1696 2212 1908 2254 comes
1932 2195 1977 2270 ¹)
2024 2193 2131 2273 qd.
2176 2194 2413 2256 Aliocti
2453 2196 2706 2256 comitis
2736 2215 2877 2274 pro-

421 2292 741 2351 mittimus
783 2291 904 2352 tibi
946 2289 1188 2351 Gullo
1229 2290 1446 2352 Vult.
1490 2293 1913 2368 potestati
1954 2297 2022 2351 et
2065 2293 2351 2352 iuramus
2392 2311 2529 2352 esse
2583 2293 2879 2354 concives

419 2389 622 2462 Vult„
666 2388 915 2449 salvare
956 2390 1244 2450 homines
1285 2389 1367 2449 de
1409 2388 1585 2449 Vult.
1630 2388 1814 2450 salva
1850 2389 2185 2462 fidelitate,
2215 2408 2413 2468 quam
2452 2390 2721 2450 fecimus
2762 2392 2898 2456 im·⁴

420 2487 721 2566 peratori,
752 2492 818 2546 et
859 2487 1040 2547 salvo
1081 2492 1309 2547 contra
1347 2485 1616 2547 Pisanos
1657 2493 1725 2547 et
1766 2487 2055 2547 homines
2096 2485 2177 2546 de
2217 2486 2412 2547 domo
2453 2486 2875 2560 Gerardesca3
2983 2555 2992 2562 ,

418 2583 760 2646 observare
800 2590 1104 2662 precepta
1145 2590 1361 2645 vestra
1403 2585 1469 2644 in
1510 2589 1654 2644 toto
1698 2589 1917 2644 nostro
1973 2586 2268 2656 termium
2299 2584 2498 2656 salv0,
2531 2585 2708 2664 quod
2746 2604 2879 2646 non

417 2692 757 2744 teneamur
796 2682 1093 2743 habitare
1135 2682 1199 2741 in
1243 2682 1510 2751 civitate
1550 2701 1665 2742 nec
1708 2681 1861 2741 dare
1901 2682 2153 2742 datium
2196 2701 2312 2742 nec
2355 2683 2599 2743 solvere
2633 2682 2877 2761 aliquid

418 2781 656 2842 havere
684 2781 919 2841 nostris
945 2778 1403 2852 creditoribus;
1448 2780 1888 2860 promittimus
1931 2779 2289 2840 credentias
2332 2781 2569 2840 nemini
2612 2780 2876 2840 manife-

418 2886 611 2951 stare,
642 2878 980 2940 oboervare
1006 2885 1311 2957 precepta
1338 2885 1554 2940 vestra
1583 2880 1719 2939 sive
1746 2880 2231 2957 capitaneorum
2252 2878 2550 2951 militum,
2577 2897 2706 2939 non
2728 2879 2875 2939 alie·

418 2997 573 3041 nare
607 2977 831 3038 domos
860 2984 926 3037 ct
969 2983 1189 3050 terras5
1235 2995 1396 3055 quas
1437 2974 1748 3036 habemus
1792 2977 1856 3037 in
1899 2976 2169 3036 civitate
2209 2982 2278 3036 et
2321 2975 2404 3037 ab
2446 2975 2621 3036 Hera
2650 2975 2735 3036 ad
2764 2976 2873 3037 Ce-

414 3078 651 3146 cinam,
683 3075 767 3136 ab
794 3075 1031 3153 Alpino
1058 3075 1143 3135 ad
1170 3075 1459 3136 Montem
1491 3074 1749 3136 Rodulfi
1775 3078 1841 3149 ²²).
1926 3076 2071 3134 Act.
2106 3074 2281 3135 Vult.
2313 3076 2380 3135 in
2403 3074 2552 3136 eccl.
2578 3095 2627 3135 s.
2653 3076 2873 3135 Marie.

418 3173 670 3234 Bifulco
724 3173 831 3252 qd.
879 3172 1300 3234 Beneventre.
1345 3171 1679 3233 Leonardo
1722 3172 1830 3251 qd.
1876 3171 2063 3233 Gulli.
2109 3171 2392 3233 Belforte
2449 3173 2557 3251 qd.
2618 3172 2874 3233 Bonafi·

418 3272 660 3332 dantie.
705 3271 1112 3331 Bonaiuncta
1168 3270 1395 3331 iudice.
1442 3268 1858 3329 Gualterocto
1906 3270 2015 3349 qd.
2072 3268 2316 3331 Mathei
2370 3275 2450 3329 tt.
2537 3269 2873 3331 Bartholo-

417 3388 597 3431 meus
638 3388 686 3428 s.
731 3369 885 3447 imp.
931 3374 1065 3429 not.

656 3508 664 3515 -
736 3466 1002 3527 Florem
1043 3466 1197 3526 Ast.
1246 3464 1937 3547 (Volt.en.134)10r2·9.

416 3663 557 3722 314.
1907 3658 2145 3732 casole,
2189 3661 2270 3720 10
2308 3659 2654 3738 September
2694 3660 2870 3722 1213.

537 3757 883 3819 Gratianus
944 3764 1321 3836 procurator
1373 3758 1549 3819 Vult.
1606 3758 1895 3818 comunis
1949 3758 2381 3818 instrumento
2435 3757 2873 3819 Bartholomei

416 3855 768 3935 appellavit
797 3875 837 3915 a
865 3854 1317 3933 Paganello
1343 3853 1519 3915 Vult.
1551 3874 1651 3934 ep.
1683 3854 1766 3915 ad
1795 3873 2055 3933 papam,
2086 3875 2167 3915 ne
2202 3874 2300 3933 ep.
2331 3862 2559 3935 gravet
2586 3862 2871 3935 potesta-

417 3960 570 4023 tem,
615 3952 968 4024 consilium,
1013 3970 1285 4013 comune
1330 3952 1430 4013 vel
1488 3953 1764 4032 aliquem
1821 3953 2028 4013 civem
2073 3953 2173 4013 vel
2215 3953 2571 4031 capitulum
2615 3954 2716 4014 vel
2762 3953 2871 4015 ali·

416 4072 609 4132 quem
637 4052 935 4112 clericum
964 4051 1138 4112 Vult.
1168 4052 1830 4113 excommunicatione
1852 4051 1953 4112 vel
1982 4052 2329 4113 interdicto
2355 4057 2422 4111 et
2455 4071 2536 4113 ne
2577 4071 2871 4133 guerram

412 4151 673 4212 comuni
712 4150 912 4211 faciat
953 4168 1070 4229 pro
1123 4149 1454 4210 discordiis
1508 4168 1653 4209 cum
1699 4150 1807 4223 eia,
1853 4151 2005 4229 quia
2046 4157 2313 4229 paratus
2353 4156 2453 4210 est
2494 4150 2720 4212 Gullus
2761 4169 2870 4229 po·

414 4253 620 4308 testas
647 4266 1025 4327 cognoscere
1065 4246 1415 4308 discordias
1457 4265 1572 4325 per
1611 4246 1968 4326 capitulum
1996 4246 2175 4307 Vult.
2206 4265 2320 4325 per
2344 4266 2532 4307 usum
2568 4252 2635 4308 et
2676 4248 2869 4307 ratio·

413 4364 563 4407 nem
604 4350 671 4405 et
712 4344 1052 4405 arbitrium
1092 4346 1229 4404 sive
1268 4363 1383 4422 per
1435 4345 1676 4405 amicos
1730 4363 2052 4405 comunes.
2149 4343 2296 4404 Act.
2353 4346 2421 4404 in
2475 4344 2736 4407 castello
2789 4344 2872 4406 de

409 4443 659 4505 casulis
702 4444 768 4503 in
808 4443 1089 4503 claustro
1122 4440 1328 4520 plebis
1355 4442 1614 4503 castelli.
1704 4442 2103 4503 Bernardino
2129 4442 2236 4520 qd.
2269 4442 2553 4503 Rainerii
2577 4444 2641 4521 ³).
2674 4441 2870 4503 Bruc-

564 4657 603 4718 ¹)
643 4654 1014 4707 Ghomrdeaca.
1203 4657 1246 4719 ²)
1285 4656 1459 4706 Heute
1494 4656 1755 4707 Romana
1790 4657 1931 4706 nahe
1964 4656 2051 4705 bei
2095 4657 2349 4712 Vener-ra.
2542 4656 2586 4720 ⁸)
2624 4657 2871 4709 Pannoc-

410 4744 660 4802 chiese-hi,
699 4743 909 4796 Bruder
943 4744 1164 4803 Bischoj
1202 4745 1440 4807 Paqane.
