4000 5700
1180 480 1283 528 144
1819 470 2268 526 REGESTUM
2305 467 2995 524 VOLATERRANUM

1176 673 1322 733 linci
1330 672 1468 732 onis
1508 675 1577 733 et
1620 670 2050 741 Bencivenne‚
2096 666 2337 729 Iacobo
2377 665 2659 739 Torselli,
2701 665 3006 736 Torsello‚
3056 665 3379 725 Burnetto
3425 663 3642 743 lug-nii

1178 770 1425 829 tutorio
1463 768 1725 830 nomine
1758 786 1875 847 pro
1917 766 2064 827 filiis
2104 764 2354 828 Cambii
2398 765 2612 845 Iugnii
2665 762 2917 826 civibus
2955 762 3148 836 Flor„
3192 782 3392 840 quam
3418 781 3517 841 ep.
3549 761 3645 822 eis

1173 866 1376 928 debet
1416 868 1667 927 ratione
1707 865 1960 926 arbitrii
2000 864 2145 925 dati
2185 883 2298 943 per
2338 862 2703 923 Garardum
2742 861 2825 922 de
2861 861 3058 921 Prata
3085 866 3155 921 et
3179 858 3647 922 Usimbardum

1177 964 1260 1025 de
1301 965 1583 1025 Pichena
1610 966 1675 1039 ¹),
1720 964 1943 1041 scripti
1986 982 2028 1023 a
2070 963 2442 1022 Benacurso
2486 960 2662 1021 Licio
2700 966 2836 1021 not.
2924 958 3068 1019 Act.
3098 959 3166 1019 in
3195 958 3336 1019 loco
3364 959 3477 1036 qui
3515 957 3644 1017 dic.

1176 1063 1238 1125 le
1278 1062 1575 1123 Martiae.
1661 1061 1900 1122 Iacobo
1942 1060 2049 1140 qd.
2095 1060 2156 1119 N
2160 1059 2380 1120 ichole.
2433 1058 2670 1119 Maffeo
2718 1058 2826 1136 qd.
2879 1058 3072 1119 Petri.
3125 1056 3479 1135 Artinisgio
3531 1054 3645 1133 qd.

1181 1159 1517 1222 Orlandini
1558 1159 1639 1220 de
1681 1157 1963 1220 Cluslino
1992 1164 2071 1218 tt.
2155 1155 2516 1230 MCCXXI,
2562 1172 2713 1217 non.
2757 1155 2890 1227 iul.,
2934 1153 3068 1215 ind.
3128 1154 3352 1215 VIIII.
3436 1153 3648 1213 Rene·

1178 1260 1314 1321 rius
1352 1263 1491 1319 not.

1513 1356 1671 1418 Vols.
1718 1355 1956 1417 AVesc.
1987 1375 2036 1416 s.
2067 1353 2258 1415 XIII
2283 1352 2406 1414 dec.
2436 1353 2477 1414 3
2502 1373 2567 1415 π.
2597 1352 2639 1412 3
2665 1351 2838 1428 Oria.

1180 1546 1321 1608 407.
2743 1544 2922 1617 Rom,
2964 1545 3048 1605 17
3087 1543 3423 1605 November
3463 1543 3648 1604 1221.

1306 1645 1674 1707 Honoriu
1692 1666 1723 1705 s
1765 1645 1847 1708 ΙΙ
1865 1647 1898 1706 Ι
1953 1646 2403 1707 archidiacono
2427 1648 2494 1722 ³),
2551 1642 3087 1722 archipresbitero
3111 1644 3159 1717 ⁸)
3213 1647 3282 1703 et
3334 1642 3651 1721 magistro

1187 1745 1372 1806 Bono
1397 1743 1795 1807 subdiacono
1821 1764 1939 1806 suo
1965 1744 2289 1805 canonicis
2318 1740 2721 1803 Senensibus.
2806 1741 3088 1802 Nuntiat
3113 1739 3470 1819 capitulum
3491 1738 3650 1800 Vul-

1176 1849 1517 1904 terranum
1558 1849 1981 1922 conquestum
2026 1862 2181 1916 esse,
2227 1842 2403 1920 quod
2443 1841 2527 1902 de
2570 1840 2879 1919 Pignan0‚
2923 1840 3005 1899 de
3031 1839 3233 1901 Cedre
3258 1838 3649 1911 sacerdotes,

1185 1938 1259 2000 L.
1303 1938 1385 2000 de
1426 1939 1643 2020 Legoli
1685 1948 1752 2001 et
1792 1940 1901 2001 alii
1941 1940 2121 2002 Vult.
2152 1945 2220 2001 et
2249 1940 2375 2000 Pis.
2407 1939 2573 2001 dioc.
2604 1939 2696 1999 eis
2724 1956 2915 2016 super
2943 1937 3207 1998 decimis
3235 1936 3651 1997 iniurientur.

1187 2037 1478 2112 Mandat,
1522 2046 1844 2118 quatenus
1886 2058 2147 2099 causam
2194 2039 2563 2099 terminent.
2648 2056 2677 2095 ι
2700 2037 2936 2097 Dilecti
2978 2037 3092 2097 filii
3113 2058 3160 2098 2».
3258 2038 3413 2097 Dat.
3457 2035 3654 2097 Late·

1183 2137 1328 2197 rani
1370 2135 1493 2198 XV
1533 2136 1661 2197 kal.
1705 2136 1862 2212 dec„
1909 2141 2089 2215 pont.
2133 2135 2249 2196 VI.

1516 2235 1675 2297 Volt.
1726 2234 1945 2313 ACap.
1989 2254 2055 2296 n.
2107 2234 2228 2296 196
2274 2235 2482 2295 lmen
2523 2235 2597 2294 in
2634 2234 2821 2295 deren
2859 2232 3119 2295 Sentenz
3144 2236 3190 2310 ⁴)
3233 2252 3369 2293 vom
3409 2233 3491 2293 26
3531 2232 3654 2293 Fe,-

1509 2333 1696 2394 bruar
1736 2334 1916 2395 1222.

1094 2552 1105 2562 ·
1186 2532 1327 2590 408.
2941 2530 3098 2607 <Vm-
3137 2530 3218 2592 25
3252 2530 3397 2591 Mai
3437 2530 3653 2606 1222).

1309 2629 1690 2709 Paganus
1733 2630 1908 2690 Vult.
1952 2649 2055 2708 ep.
2098 2630 2351 2691 dilectis
2393 2629 2687 2690 fidelibus
2730 2628 3052 2706 B(elforti)
3083 2634 3152 2689 et
3179 2629 3515 2704 V(enture)
3549 2648 3655 2688 ca-

1188 2725 1475 2787 stellanis
1516 2725 1598 2787 de
1638 2726 1974 2787 Monteri0,
2059 2726 2466 2793 Mandamus.
2499 2732 2821 2804 quatenus
2851 2744 3017 2787 unus
3053 2731 3340 2787 vestrum
3370 2726 3520 2786 visis
3552 2726 3655 2785 his

1189 2821 1421 2884 litteris
1461 2823 1638 2902 apud
1680 2822 2079 2886 Chiuslinum
2120 2824 2388 2885 accedat
2428 2829 2801 2902 recepturus
2843 2843 2959 2903 pro
2999 2823 3185 2884 nobis
3212 2829 3511 2884 tenuta-m
3542 2842 3651 2901 po-

1185 2920 1357 2982 deris
1398 2922 1511 2982 filii
1551 2922 1864 2983 Guidonis
1903 2923 1985 2984 de
2030 2923 2257 3002 Vigna,
2302 2924 2415 3002 qui
2470 2942 2674 3002 nuper
2727 2924 2865 2984 sine
2920 2923 3148 2983 herede
3204 2923 3489 2984 Grosscti
3543 2922 3656 2983 de·

1182 3021 1399 3092 cessit,
1442 3027 1512 3080 et
1551 3020 1920 3081 inhibeatur
1961 3041 1999 3080 a
2044 3021 2227 3081 vobis
2268 3020 2572 3083 abbatis,
2603 3021 2874 3102 Galgani
2902 3024 2971 3097 ⁵),
3002 3023 3105 3082 cui
3132 3021 3299 3081 filius
3340 3020 3656 3082 Guidonis

1187 3117 1424 3196 podere
1465 3119 1703 3179 iniuste
1745 3123 2028 3179 testatus
2067 3126 2185 3190 est,
2217 3118 2392 3197 quod
2421 3119 2691 3196 recipiat
2718 3120 2855 3179 eius
2883 3124 3201 3179 tenutam.
3288 3119 3492 3197 Super
3526 3118 3652 3180 hiis

1191 3232 1308 3273 vos
1348 3212 1622 3274 facimus
1664 3220 2125 3292 procuratores
2173 3212 2240 3274 Si
2280 3220 2434 3274 sunt
2473 3213 2564 3274 ibi
2606 3234 2724 3288 res,
2769 3233 2894 3291 que
2923 3214 3008 3274 ad
3037 3220 3325 3275 nostram
3353 3233 3486 3275 non
3513 3234 3653 3293 per-

1191 3313 1450 3372 tineant
1490 3313 1825 3385 rationem,
1869 3311 1949 3373 de
1992 3312 2117 3372 illis
2143 3331 2364 3372 versus
2392 3311 2698 3373 abbatem
2729 3332 2856 3373 non
2888 3314 3203 3373 moveatis
3230 3314 3656 3391 questionem.

1519 3408 1723 3488 Insert
1763 3410 1839 3469 in
1879 3428 1944 3469 n.
1990 3409 2127 3469 409.
2176 3409 2448 3485 (Littere
2490 3429 2590 3488 ep.
2627 3417 2812 3469 erant
2842 3410 3117 3489 sigillate
3145 3429 3262 3470 suo
3288 3410 3511 3489 sigillo,
3543 3410 3655 3470 ha·

1519 3505 1677 3568 bens
1718 3508 2106 3600 imaginenss
2107 3527 2206 3586 ep.
2251 3509 2461 3585 parati
2493 3509 2655 3568 etin
2684 3509 2954 3569 circuitu
2995 3508 3279 3568 dicentes
3319 3506 3657 3589 «Sigillum

1522 3605 1761 3684 Pagani
1805 3604 1958 3666 Wlt.
2004 3607 2108 3683 epi
2126 3610 2198 3681 ιι).

1188 3803 1338 3862 409.
2751 3801 3119 3874 Chiusdino,
3163 3803 3244 3863 25
3288 3803 3432 3864 Mai
3473 3804 3653 3865 1222.

1321 3898 1718 3964 MCCXXII
1766 3898 1933 3959 VIII
1973 3897 2099 3958 kal.
2145 3900 2299 3971 11111.,
2343 3899 2473 3958 ind.
2520 3899 2604 3959 X.
2718 3898 3092 3977 paganus
3149 3899 3323 3959 Vult.
3367 3919 3468 3979 ep
3513 3900 3656 3960 Bel·

1198 3996 1437 4057 fortem
1478 4000 1548 4056 et
1586 3996 1943 4058 Venturam
1986 3996 2367 4057 castellanos
2395 3996 2476 4056 de
2507 3999 2820 4057 Monterio
2849 4004 3291 4075 procuratores
3318 4000 3660 4058 constit-uit

1200 4115 1314 4175 per
1354 4114 1503 4156 suas
1543 4094 1793 4156 litteras
1817 4097 1863 4171 ²)
1918 4095 1995 4155 ad
2057 4095 2488 4172 recipiendam
2543 4100 2840 4155 tenutam
2895 4095 2976 4155 de
3031 4095 3266 4173 podere
3307 4095 3414 4175 qd.
3458 4095 3657 4175 Ugui-

1195 4194 1402 4255 cionis
1443 4193 1639 4253 Guidi
1691 4193 1773 4252 de
1814 4193 2044 4271 Vigna.
2099 4191 2403 4264 Belforte,
2461 4212 2609 4253 cum
2663 4200 2833 4254 esset
2888 4195 3222 4266 Monteri0,
3268 4194 3533 4255 accessit
3573 4194 3658 4253 ad

1348 4427 1390 4490 ¹)
1416 4427 1576 4477 Siehe
1614 4428 1748 4476 oben
1781 4444 1835 4478 n.
1876 4430 1994 4478 363.
2117 4429 2160 4493 '·)
2201 4427 2463 4478 Mar-tino,
2579 4426 2621 4491 ³)
2648 4429 2909 4479 Mar-tine.
3057 4429 3100 4490 ⁴)
3127 4428 3289 4479 Dim
3312 4428 3539 4478 Sentenz
3562 4429 3661 4478 mit

1202 4517 1322 4567 sehr
1357 4515 1799 4580 umsanqreichen
1824 4516 2327 4580 Zeuqenaussaqen,
2369 4519 2496 4568 iiber
2531 4517 2618 4568 die
2653 4518 2743 4568 ich
2778 4533 2803 4568 (ι
2823 4517 3038 4567 Binum
3061 4518 3176 4568 und
3199 4517 3620 4576 Geldwirtechaft
3638 4532 3661 4565 0

1200 4603 1239 4654 1
1277 4606 1343 4654 34
1380 4603 1421 4665 s.
1459 4606 1638 4668 einiqe
1664 4604 1931 4668 Amabat
1948 4606 2187 4669 qemacht
2204 4605 2352 4664 habe,
2378 4605 2480 4656 soll
2503 4608 2604 4656 mit
2639 4621 2692 4656 n.
2723 4609 2826 4657 270
2850 4622 2928 4656 cm
2951 4607 3175 4657 ander-er
3197 4605 3358 4656 Stella
3386 4606 3663 4669 ver-offent-

1203 4693 1330 4742 lictu
1353 4693 1576 4745 werden.
1785 4693 1827 4757 ²²)
1867 4694 2150 4744 Iohannes
2188 4696 2231 4746 I.
2413 4693 2455 4759 6)
2492 4695 2768 4755 Imma,
2805 4711 2860 4746 n.
2902 4699 3021 4747 408.
