4000 5700
1082 490 1151 542 14
1724 487 2170 544 REGESTUM
2210 486 2895 541 VOLATERRANUM

1061 690 1141 746 et
1182 704 1281 745 res
1324 703 1722 763 mass.,quas
1764 683 1973 744 habeo
2014 682 2182 744 infra
2223 683 2536 743 comitato
2577 689 2645 743 et
2686 683 3013 743 territurio
3041 681 3256 743 Volot.
3298 684 3363 742 in
3393 681 3536 743 Fla-

1073 781 1286 856 bian0‚
1331 782 1525 843 modo
1564 801 1615 841 r.
1657 801 1772 860 per
1810 781 2099 853 Stefano;
2143 799 2290 860 pen.
2332 779 2534 859 dupli.
2618 781 2765 841 Act.
2810 781 2987 840 intus
3037 781 3305 840 civitate
3347 779 3534 840 Volo-

1063 883 1393 942 terrensis.
1477 878 1540 941 S.
1584 899 1669 940 m.
1716 878 2093 941 Ildibrandi.
2140 877 2408 940 Adelmo
2450 885 2531 939 tt.
2574 898 2657 940 ss.
2687 878 2870 958 [....]
2896 880 2963 955 ¹).
3047 877 3275 938 Petrus
3301 885 3437 939 not.
3468 888 3534 938 et

1074 978 1266 1039 iudex
1306 979 1438 1057 inp.

1405 1076 1565 1139 Volt.
1614 1075 1847 1153 ACap(
1877 1095 1941 1136 n.
1971 1075 2054 1136 19
2080 1075 2252 1152 Oriq.

1062 1273 1172 1331 44.
2003 1267 2008 1271 ’
2551 1270 2844 1341 Volterra,
2889 1271 2970 1332 22
3008 1269 3356 1348 September
3394 1270 3532 1331 968.

1194 1368 1354 1430 Otto
1410 1369 1564 1447 imp.
1609 1388 1669 1429 a.
1713 1368 1827 1439 VI,
1872 1368 1938 1429 X
1981 1368 2109 1428 kal.
2153 1375 2303 1439 oct„
2349 1366 2480 1428 ind.
2525 1367 2648 1428 XI.
2732 1367 3145 1429 Arnoldus
3192 1367 3532 1429 archidiac.

1059 1465 1369 1527 custodes
1407 1466 1524 1527 ecl.
1567 1485 1620 1527 s.
1651 1464 1995 1528 octabiani
2038 1484 2151 1544 per
2190 1484 2570 1526 consensum
2610 1464 3018 1525 sacerdotum
3052 1484 3194 1526 can.
3223 1465 3505 1526 fratum²
3513 1472 3531 1542 )

1072 1583 1360 1625 meorum
1414 1584 1523 1626 seo
1578 1564 1777 1626 levita
1840 1563 1951 1625 lib.
2013 1583 2188 1625 nom.
2251 1564 2438 1624 firmo
2491 1563 2872 1624 Venerando
2931 1563 3159 1625 clerico
3217 1563 3263 1625 f.
3322 1564 3381 1624 b.
3445 1584 3531 1625 m.

1072 1660 1383 1724 Grimaldi
1426 1664 1677 1724 cassina
1719 1682 1826 1723 seo
1868 1663 2118 1741 integra
2158 1667 2332 1723 sorte
2374 1664 2440 1723 in
2481 1662 2622 1723 loco
2662 1660 2831 1721 Larii
2873 1662 2986 1741 qui
3028 1660 3128 1720 Ad
3157 1680 3340 1722 cruce
3370 1681 3532 1733 voc„

1070 1779 1272 1839 quam
1314 1762 1576 1822 Bonitio
1618 1760 1681 1822 b.
1728 1781 1813 1823 m.
1856 1761 1938 1822 de
1993 1761 2243 1822 Pissina
2284 1760 2615 1823 Calenduli
2656 1759 2976 1833 detenuit,
3025 1760 3109 1820 ad
3152 1761 3378 1830 vitam,
3421 1779 3532 1820 seu

1060 1856 1305 1919 Teutio
1344 1865 1410 1918 et
1451 1859 1720 1919 Floritio
1746 1858 1791 1918 f.
1822 1859 1986 1919 Urse
2027 1863 2096 1919 et
2135 1858 2475 1919 heredibus
2502 1859 2634 1918 suis
2663 1876 2780 1936 pro
2806 1876 3025 1918 annuo
3058 1876 3235 1934 pens.
3279 1857 3345 1917 in
3383 1857 3531 1918 fest.

1073 1974 1120 2014 s.
1164 1954 1363 2016 Maris
1403 1956 1471 2015 in
1510 1960 1740 2033 agusto
1782 1956 1869 2016 ad
1911 1956 2022 2016 ecl.
2067 1976 2119 2016 s.
2164 1954 2308 2016 Oct.
2353 1974 2393 2015 a
2434 1973 2580 2033 pars
2615 1955 2814 2033 ipsius
2841 1953 3196 2014 canonachi
3224 1973 3355 2032 arg.
3384 1953 3530 2013 den.

1060 2051 1340 2113 duodeci
1385 2051 1448 2113 b.
1491 2071 1638 2131 exp.
1682 2052 1890 2131 qualis
1931 2072 2046 2131 per
2075 2058 2273 2131 temp.
2305 2070 2387 2124 ο.;
2426 2071 2572 2130 pen.
2615 2069 2748 2129 arg.
2791 2051 2902 2112 sol.
2945 2052 3304 2112 sexxainta.
3388 2050 3532 2111 Aet.

1034 2137 1047 2149 ’
1073 2149 1407 2213 Voliterre.
1492 2150 1810 2211 Amoldus
1867 2169 1950 2211 ss.
2009 2149 2071 2210 S.
2129 2169 2212 2210 m.
2268 2149 2629 2210 venerandi
2683 2150 2912 2210 clerici.
2996 2149 3212 2209 Teuzo
3263 2168 3345 2210 ss.
3407 2151 3530 2209 An-

1072 2246 1307 2307 selmus
1350 2248 1546 2309 levita
1588 2254 1657 2309 et
1695 2268 1837 2309 can.
1921 2249 2239 2308 Martinus
2281 2249 2490 2326 presb.
2521 2254 2587 2308 et
2616 2267 2758 2309 can.
2843 2246 3173 2309 Grasolfus
3213 2245 3421 2325 presb.
3464 2253 3533 2308 et

1061 2363 1213 2405 can.
1298 2347 1526 2406 Petrus
1569 2345 1778 2426 presb.
1808 2352 1877 2408 et
1905 2366 2047 2407 can.
2133 2346 2276 2406 Ano
2315 2345 2524 2425 presb.
2557 2345 2859 2406 Albertus
2887 2345 3086 2405 levita
3127 2351 3196 2405 et
3234 2343 3384 2404 kan.
3416 2344 3530 2405 Pe-

1073 2446 1213 2502 trus
1254 2443 1453 2503 levita
1495 2450 1562 2503 et
1604 2463 1746 2504 can.
1792 2443 2134 2504 Camarino
2177 2443 2373 2503 levita
2417 2447 2486 2502 et
2525 2461 2666 2502 can.
2698 2461 2781 2502 ss,
2865 2440 3174 2503 Bertaldo
3213 2447 3348 2502 not.

1401 2539 1553 2602 Volt.
1600 2540 1818 2619 AGap.
1862 2561 1926 2602 n.
1968 2541 2068 2611 32,
2115 2540 2234 2602 983
2257 2543 2334 2615 (Ι)
2377 2539 2548 2617 Oriq.

1060 2734 1171 2796 45.
2840 2733 3136 2805 Volterra,
3178 2733 3230 2794 J
3231 2753 3345 2794 um
3388 2733 3527 2794 969.

1192 2831 1331 2894 Ott.
1376 2833 1506 2911 inp
1552 2853 1611 2893 3.
1656 2832 1823 2894 VIII
1863 2837 1932 2893 et
1958 2848 2120 2911 eque
2150 2830 2382 2893 Ottof.
2417 2833 2552 2893 eius
2584 2833 2712 2910 inp.
2741 2852 2801 2893 3.
2834 2831 2923 2905 ΙΙ,
2955 2832 3185 2904 iunius,
3210 2831 3340 2892 ind.
3368 2831 3525 2893 XII.

1070 2927 1447 2991 Donatus
1489 2929 1680 2991 iudex
1724 2932 1877 3008 inp„
1934 2929 2350 2990 Iohannes
2405 2935 2472 2989 et
2525 2928 3018 2990 Uuillerado
3056 2928 3104 2989 f.
3155 2927 3217 2990 b.
3270 2949 3354 2989 m.
3400 2930 3528 2989 Ev-

1070 3029 1289 3089 veradi
1310 3029 1750 3108 promittimus
1779 3029 1973 3089 Petro
2021 3046 2119 3106 ep.
2153 3028 2365 3090 Volot.
2394 3048 2514 3089 nos
2555 3027 2636 3088 de
2675 3027 2921 3088 mditus
2963 3033 3029 3087 et
3069 3026 3528 3088 decimationes

1059 3131 1138 3185 et
1180 3127 1411 3187 offerta
1463 3132 1533 3188 et
1587 3133 2008 3198 mortuorum,
2058 3131 2382 3205 quotquot
2432 3127 2710 3205 pertinet
2766 3125 2853 3185 ad
2905 3122 3091 3203 plebe
3144 3144 3195 3185 s.
3254 3122 3528 3185 Iohanni

1070 3221 1309 3285 batista
1349 3230 1416 3285 et
1442 3244 1492 3285 s.
1527 3223 1810 3303 Quiliqui
1838 3228 1885 3301 ⁸)
1914 3226 2042 3285 sito
2071 3223 2307 3294 Silano,
2337 3243 2462 3302 que
2504 3228 2604 3283 cst
2644 3222 2832 3301 plebe
2872 3222 3247 3295 batismalis,
3290 3242 3422 3283 non
3462 3224 3528 3285 in

1069 3320 1537 3383 damnietatem
1590 3321 1727 3383 fore
1782 3341 1926 3382 cum
1985 3323 2221 3382 nostris
2270 3319 2613 3382 heredibus
2653 3319 2739 3380 da
2779 3339 2929 3399 pars
2970 3320 3232 3380 ecclesia
3287 3327 3526 3392 nostra,

1058 3419 1245 3497 quod
1286 3426 1386 3481 est
1425 3421 1493 3481 in
1533 3439 1728 3481 onore
1768 3439 1818 3480 s.
1853 3420 2082 3500 Reguli
2111 3427 2178 3480 et
2207 3439 2255 3479 s,
2289 3417 2577 3479 Silvestri
2606 3420 2674 3479 in
2710 3418 2852 3479 loco
2890 3418 3129 3496 kampo
3169 3416 3528 3479 Roifreduli

1071 3535 1266 3595 prope
1307 3517 1462 3578 villa
1501 3517 1584 3579 de
1626 3517 1964 3595 Ougnan03
2010 3537 2152 3595 pen.
2198 3536 2331 3596 arg.
2376 3517 2488 3577 sol.
2521 3515 2930 3595 quadrainta.
3015 3514 3158 3576 Act.
3196 3515 3529 3577 Voloterre

1068 3633 1266 3693 prope
1287 3617 1427 3694 ipsa
1468 3615 1751 3676 ecclesia.
1836 3612 2136 3676 Donatus
2176 3613 2369 3675 iudex
2409 3615 2540 3693 inp.
2584 3633 2667 3675 ss.
2713 3612 2775 3674 S.
2821 3631 2905 3674 m.
2952 3612 3244 3674 Iohanni.
3287 3612 3528 3674 Uuille·

1070 3712 1227 3773 rado
1268 3733 1349 3774 ss.
1393 3713 1665 3774 Adelmo
1692 3718 1773 3773 tt.
1804 3733 1886 3774 ss.
1918 3711 1981 3775 S.
2014 3732 2097 3772 m.
2126 3712 2470 3774 Uualberti
2497 3712 2543 3772 f.
2576 3709 2638 3773 b.
2670 3731 2755 3773 m.
2792 3710 3107 3773 Uuiniildi
3133 3716 3212 3772 tt.
3298 3711 3529 3773 Petrus

1064 3817 1205 3871 1²0¹*-
1249 3831 1380 3891 ¹111>-
1399 3908 1556 3971 Volt.
1602 3907 1824 3986 ACap.
1868 3928 1931 3969 π.
1976 3907 2096 3970 204
2124 3906 2297 3985 Oriq.

1057 4105 1169 4166 46.
2703 4102 3058 4179 qunano,
3103 4102 3141 4163 7
3179 4102 3346 4163 Jum·
3386 4102 3526 4162 970.

1189 4202 1355 4264 Octo
1411 4204 1564 4281 imp.
1621 4222 1679 4263 a.
1746 4207 1999 4274 octavo,
2060 4201 2188 4261 VII
2245 4201 2329 4262 id.
2393 4203 2546 4275 iun„
2611 4201 2743 4262 ind.
2809 4200 2916 4261 III
2960 4204 3029 4278 4).
3134 4199 3531 4262 Guinildo

1056 4300 1112 4363 f.
1152 4299 1212 4362 b.
1246 4321 1328 4362 m.
1360 4299 1685 4363 Camarini
1726 4299 2052 4361 venumdo
2093 4300 2358 4380 Hugoni
2400 4299 2752 4361 marchioni
2792 4297 2839 4359 f.
2885 4296 2946 4359 b.
2993 4318 3077 4359 m.
3122 4297 3369 4359 Alberti
3411 4317 3531 4377 pro

1213 4528 1256 4593 ²)
1284 4526 1523 4577 Malu-ere
1548 4525 1965 4589 zeuqommun
1986 4524 2435 4587 mqthnmen.
2553 4524 2596 4587 4)
2621 4541 2683 4571 ;-.-.
2706 4524 2961 4574 fratrum.
3077 4521 3123 4588 ⁸)
3147 4539 3211 4571 -.:
3232 4538 3275 4573 s.
3303 4522 3526 4583 Quirini.

1056 4615 1260 4680 Smer
1294 4617 1366 4666 ist
1398 4615 1485 4666 die
1520 4616 1668 4679 plebe
1704 4629 1808 4665 von
1840 4614 2015 4663 Rauca
2040 4614 2256 4664 Siliana
2291 4631 2332 4663 ε.
2361 4612 2800 4664 Bartholomaeus
2834 4611 3065 4676 unweilo&
3177 4612 3222 4674 4)
3267 4609 3530 4661 Ver-achon

1056 4711 1191 4756 dau
1224 4704 1392 4755 XIII.
