4000 5700
1099 509 1202 562 304
1739 512 1787 562 R
1797 511 1848 562 E
1859 509 2185 564 GESTUM
2225 508 2551 564 VOLATE
2558 510 2913 564 RRANUM

1097 707 1358 784 (iusque
1398 705 1611 767 iudici.
1695 706 1857 768 Cum
1887 713 2100 785 preter
2125 705 2403 767 formam
2432 708 2792 777 constituti,
2822 708 2998 786 quod
3022 727 3156 769 non
3195 709 3407 788 tangit
3433 728 3551 769 nos

1096 821 1304 884 neque
1329 802 1641 863 familiam
1670 809 1984 875 nostram,
2009 822 2082 864 ac
2103 809 2329 865 contra
2355 804 2833 865 immunitatem
2862 804 3375 879 ecclesiasticam,
3405 824 3555 867 cum

1095 900 1321 961 eodem
1363 899 1695 979 privilegio
1734 900 2063 981 gaudeant
2103 900 2448 962 familiares
2488 901 2878 975 clericorum,
2923 921 3053 980 quo
3092 908 3162 963 et
3200 899 3427 976 clerici,
3457 920 3553 964 ar·

1097 1004 1307 1058 matos
1349 997 1647 1058 miseritis
1689 998 1774 1059 ad
1813 998 2134 1078 palatium
2174 1004 2469 1060 nostrum
2510 1006 2577 1059 et
2618 998 3134 1061 Gavarduccium
3174 997 3554 1060 familiarem

1096 1100 1388 1156 nostrum
1428 1094 1852 1169 detinueritis,
1893 1095 2081 1157 nobis
2123 1096 2557 1170 offerentibus,
2602 1097 2795 1176 quod,
2828 1097 2881 1156 si
2922 1098 3311 1168 excessisset,
3340 1097 3553 1176 ipsum

1092 1194 1318 1271 punire
1373 1192 1769 1265 volebamus,
1827 1193 2022 1255 semel
2077 1195 2358 1256 secundo
2415 1195 2606 1256 tertio
2664 1214 2780 1255 vos
2834 1214 3187 1267 monemuS,
3244 1193 3552 1273 quatinus

1094 1297 1321 1353 contra
1361 1290 1742 1353 familiarem
1784 1298 2077 1352 nostrum
2118 1292 2298 1354 facta
2338 1293 2678 1363 revocetis;
2725 1293 3008 1370 alioquin
3043 1310 3161 1352 vos
3186 1310 3549 1354 excommu-

1093 1389 1398 1448 nicamus.
1485 1387 1637 1449 Dat.
1680 1387 1856 1448 Vult.
1902 1387 2135 1450 XVIII
2176 1389 2330 1464 iulii,
2376 1389 2478 1450 XI
2520 1390 2649 1450 ind.

1415 1486 1622 1548 Insert
1660 1487 1734 1547 in
1771 1507 1835 1548 π.
1881 1486 2017 1548 902.

1093 1585 1232 1645 903.
2537 1587 3014 1660 Montemstelli,
3058 1587 3140 1648 20
3176 1587 3326 1647 Juli
3366 1585 3546 1647 1283.

1212 1681 1765 1756 MCCLXXXIII,
1811 1684 1940 1745 ind.
1986 1683 2111 1757 XI,
2154 1684 2289 1745 XX
2316 1686 2423 1746 iul.
2509 1685 2734 1746 Gerius
2764 1685 2870 1764 qd.
2901 1685 3144 1746 Bra-ndi
3171 1690 3548 1764 procurator

1091 1779 1460 1842 Pannochie
1499 1781 1581 1842 de
1621 1778 1916 1842 Sassetta
1954 1783 2299 1861 potestatis
2337 1783 2514 1844 Vult.
2559 1784 2822 1861 eiusque
2860 1783 3087 1844 iudicis
3128 1802 3343 1844 coram
3370 1780 3547 1841 Rai-

1088 1879 1318 1940 nerio
1360 1878 1537 1941 Vult.
1580 1899 1701 1958 ep„
1745 1881 2028 1941 sentiens
2070 1900 2136 1942 se
2178 1889 2525 1961 gravatum
2566 1902 2681 1962 per
2722 1902 2818 1962 ep.
2850 1882 3099 1944 litteras
3125 1883 3192 1959 ¹),
3229 1899 3379 1942 cum
3418 1878 3542 1942 Ga·

1091 1977 1470 2038 varduccius
1510 1978 1579 2038 in
1618 1978 1710 2038 eis
1750 1980 2125 2039 nominatus
2167 1980 2252 2039 sit
2294 1980 2492 2041 laicus
2534 1987 2602 2041 et
2656 2000 2789 2043 non
2842 1981 3118 2053 clericus,
3170 1980 3256 2042 ad
3307 1998 3547 2059 papam

1090 2074 1390 2154 appellat.
1418 2074 1519 2153 Ep
1568 2075 1919 2153 respondit,
1951 2077 2128 2153 quod
2156 2077 2576 2156 appellationi
2599 2078 2826 2140 defert.
2910 2078 3053 2140 Act.
3083 2077 3549 2139 Montecastelli

1089 2173 1157 2233 in
1197 2192 1454 2233 camera
1493 2172 1721 2251 palatii
1748 2192 1845 2251 ep.
1931 2173 2113 2235 Nuto
2141 2176 2247 2253 qd.
2281 2175 2716 2238 Riccomanni.
2748 2176 2969 2239 Chone
2996 2177 3101 2256 qd.
3133 2175 3337 2238 Bachi
3360 2195 3542 2238 num-

1091 2270 1244 2349 ptiis
1282 2272 1572 2331 comunis
1612 2270 1786 2332 Vult.
1834 2270 2187 2333 Gerardino
2228 2276 2518 2351 operario
2559 2294 2748 2351 opere
2789 2294 2838 2334 s.
2882 2273 3081 2336 Marie
3121 2274 3203 2335 de
3236 2274 3411 2337 Vult.
3442 2272 3546 2334 Ia-

1091 2366 1253 2427 cobo
1295 2372 1425 2427 not.
1473 2387 1569 2446 ep.
1614 2366 1825 2429 Bindo
1866 2369 1947 2429 de
1988 2368 2460 2431 Montecastelli
2499 2377 2576 2431 tt.
2683 2371 3101 2452 Locteringus
3153 2372 3259 2450 qd.
3302 2372 3545 2433 Marchi

1088 2465 1171 2525 de
1211 2463 1386 2526 Vult.
1431 2471 1565 2525 not.

1408 2562 1668 2622 Florem
1709 2562 1860 2625 Ast.
1909 2564 2095 2641 (Volt.
2141 2586 2203 2626 n.
2247 2566 2432 2643 1128)
2478 2567 2648 2645 Oriq.

1089 2758 1227 2816 904.
2595 2763 2866 2837 Rimini,
2908 2765 2951 2825 2
2989 2764 3326 2828 Novemboe
3364 2766 3544 2829 1283.

1208 2856 1683 2921 Bernartius
1743 2861 2083 2923 cardina-lis
2139 2881 2235 2940 ep.
2294 2859 2666 2925 Portuensis
2719 2864 2972 2944 legatus
3032 2866 3199 2927 sedis
3258 2887 3360 2947 ap.
3417 2866 3545 2929 Re·

1085 2955 1282 3017 naldo
1336 2976 1433 3036 ep.
1483 2955 1626 3017 Sen.
1739 2957 1977 3019 Narrat
2034 2958 2408 3022 Rainerium
2469 2981 2567 3039 ep.
2622 2957 2801 3023 Vult.
2861 2964 2940 3023 de
2993 2967 3175 3025 statu
3230 2983 3342 3027 8110
3395 2964 3542 3026 mol.

1088 3059 1352 3133 propter
1391 3074 1649 3132 guerras
1689 3057 1757 3117 in
1798 3057 1897 3117 his
1936 3057 2232 3135 partibus
2275 3067 2341 3118 et
2384 3061 2712 3120 occasione
2745 3059 3038 3122 Romane
3067 3061 3234 3135 0001,
3266 3062 3451 3124 bonis
3478 3071 3547 3124 et

1087 3152 1312 3215 castris
1352 3152 1486 3212 fere
1526 3154 1823 3215 omnibus
1866 3175 1905 3215 a
1950 3156 2196 3216 Pisanis
2237 3163 2306 3217 et
2349 3158 2486 3217 aliis
2530 3159 2807 3220 detentis
2843 3159 3087 3231 orbate,
3118 3168 3544 3240 conquestum

1087 3251 1404 3328 petivisse,
1430 3256 1507 3310 ut
1548 3253 1856 3313 canonica
1883 3253 1964 3313 de
1994 3253 2293 3315 Paurano
2320 3255 2497 3316 Vult.
2528 3256 2688 3316 dioc.
2721 3276 2936 3318 mense
2963 3277 3060 3335 ep.
3092 3259 3541 3336 applicaretur.

1086 3347 1377 3422 Mandat,
1423 3349 1746 3426 quatinus,
1791 3352 1844 3410 si
1873 3351 2231 3428 capitulum
2252 3352 2429 3413 Vult.
2461 3355 2545 3414 ad
2589 3354 2707 3414 hoc
2754 3355 3018 3416 accedat
3057 3375 3173 3417 1100
3217 3356 3390 3418 aliud
3433 3357 3543 3417 ob·

1085 3449 1291 3518 sistat,
1337 3466 1479 3507 eam
1524 3449 1783 3510 ecclesie
1825 3448 2000 3511 Vult.
2048 3452 2251 3511 uniat.
2338 3454 2486 3513 Dat.
2512 3453 2784 3514 Arimini
2809 3453 2954 3514 1111
2981 3474 3128 3517 non.
3175 3475 3342 3528 nov„
3375 3455 3545 3518 Mar-

1087 3545 1211 3605 tini
1249 3543 1391 3605 IIII
1434 3552 1613 3623 pont.
1657 3546 1782 3607 HI.

1405 3644 1610 3704 Insert
1651 3646 1723 3706 in
1765 3666 1827 3705 n.
1873 3647 2010 3707 909.
2057 3648 2240 3709 Liber
2280 3650 2523 3710 iuriam
2563 3650 2645 3711 19
2683 3652 2784 3712 cit.
2826 3650 2941 3712 das
2982 3653 3287 3713 verlorene
3327 3652 3501 3730 Θήρ.

1087 3840 1226 3900 905.
2643 3845 2858 3920 Siena,
2901 3847 2942 3908 5
2981 3848 3320 3910 November
3357 3849 3540 3911 1283.

1210 3936 1471 3999 Guido
1514 3957 1726 3999 comes
1753 3938 1795 4000 S
1814 3940 1885 4000 al
1905 3960 1945 4000 v
1963 3942 2238 4002 aticus
2278 3944 2346 4002 in
2386 3943 2618 4005 Tuscia
2645 3944 2989 4023 palatinuS,
3022 3948 3398 4024 capitaneus
3425 3947 3541 4008 mi·

1084 4031 1272 4092 litum
1317 4034 1470 4093 talie
1511 4035 1836 4096 societatis
1878 4035 2104 4097 Tuscie
2131 4038 2199 4112 ²),
2245 4039 2574 4102 confessus
2612 4040 2737 4101 fuit
2766 4061 2831 4101 se
2872 4042 3110 4104 habere
3150 4043 3236 4105 ab
3275 4043 3543 4106 Alberto

1230 4284 1275 4351 ¹)
1311 4287 1589 4348 Inseriert,
1626 4287 1770 4338 siche
1806 4304 1860 4340 n».
1902 4292 2023 4342 902.
2170 4295 2175 4300 ”
2233 4293 2276 4360 ²)
2314 4293 2473 4344 Siehe
2509 4295 2642 4345 oben
2676 4311 2730 4345 n.
2772 4298 2875 4347 392
2912 4297 3027 4347 und
3061 4297 3163 4347 dac
3199 4298 3315 4348 don
3349 4297 3413 4347 in
3446 4297 3543 4347 der

1085 4374 1437 4438 Anmerkunq
1486 4377 1687 4427 citierte
1731 4377 1886 4428 Werk
1935 4395 2037 4429 von
2088 4382 2317 4433 Per-rens
2363 4384 2436 4433 II
2488 4387 2590 4434 223
2638 4384 2993 4450 Anmerkunq
3046 4389 3093 4437 1.
3177 4387 3259 4437 Er
3292 4403 3404 4438 war
3438 4388 3541 4437 seit

1084 4464 1205 4513 dem
1251 4467 1278 4512 7
1321 4465 1617 4515 November
1660 4469 1798 4516 1:232
1841 4469 2100 4531 Καρίεᾶη
2135 4471 2227 4520 der
2253 4470 2471 4535 Taqlia,
2508 4473 2599 4524 die
2635 4475 2889 4538 iibriqem
2923 4475 2988 4526 in
3028 4475 3396 4527 Wirklt‘ohkeie
3432 4492 3540 4526 nur

1086 4555 1190 4602 300
1233 4553 1405 4603 Baiter
1440 4554 1784 4616 ausqebracht
1819 4573 1886 4606 zu
1923 4558 2097 4608 haben
2131 4560 2350 4610 acheint.
2400 4561 2474 4611 So
2523 4563 2702 4625 dih-lte
2745 4564 2984 4615 Volterra
3019 4573 3145 4615 stau
3180 4566 3273 4616 der
3307 4566 3373 4616 in
3413 4566 3540 4616 Vor-

1083 4640 1340 4704 amchlaq
1378 4642 1688 4704 aebrachten
1723 4645 1842 4694 aoht
1883 4645 2137 4708 (Ferreus
2172 4649 2244 4697 II
2284 4652 2411 4714 2:22)
2438 4666 2545 4699 nur
2568 4653 2716 4702 ascha
2740 4653 2939 4716 qestellt
2962 4653 3151 4714 haben,
3190 4654 3287 4704 wic
3324 4655 3411 4704 ioh
3434 4670 3537 4704 aus

1083 4730 1175 4779 dor
1209 4730 1493 4793 lolqenden
1529 4733 1588 4780 N
1591 4749 1796 4783 ummer
1831 4735 2094 4787 achliesse.
