4000 5700
1132 514 1204 566 28
1780 513 2226 569 REGESTUM
2265 515 2948 570 VOLATERRANUM

1135 709 1348 772 Volot.
1411 730 1527 789 per
1582 730 1960 772 consensum
2010 710 2414 772 sacerdotum
2455 730 2596 772 ean.
2640 712 2885 773 fratum
2915 714 2958 787 1)
3004 732 3289 774 meorum
3332 733 3441 774 seu
3504 713 3588 775 le-

1135 810 1308 869 vitas
1363 808 1575 888 adque
1627 810 1871 873 eiratiei
1928 809 2036 870 lib.
2088 828 2259 870 nom.
2303 808 2392 870 do
2443 814 2641 888 atque
2696 809 2882 871 firmo
2935 810 3102 872 Urso
3153 810 3201 871 f.
3233 810 3295 871 b.
3329 832 3410 871 m.
3461 811 3590 872 Do·

1137 906 1395 967 minichi
1439 907 1607 969 med.
1651 906 1732 967 de
1772 908 2023 968 cassina
2064 926 2176 966 seu
2217 913 2387 969 sorte
2429 907 2495 967 in
2537 907 2678 969 loeo
2717 907 3013 969 Termine
3054 928 3252 988 prope
3309 908 3456 969 villa
3509 909 3590 970 de

1135 1004 1402 1084 Figline,
1466 1007 1596 1066 iam
1650 1025 1700 1066 r.
1758 1025 1872 1084 per
1928 1005 2132 1067 Eritio
2187 1005 2395 1084 presb.
2454 1012 2522 1066 et
2580 1004 2852 1066 Iohanni
2907 1025 3008 1085 gg.
3075 1012 3209 1079 tuo,
3266 1008 3591 1085 pertinens

1114 1102 1215 1163 -de
1258 1103 1443 1182 plebe
1471 1124 1520 1163 8.
1552 1104 1734 1165 Filiei
1761 1105 1889 1165 sito
1920 1103 2337 1182 villamagna,
2360 1123 2477 1182 pro
2504 1123 2682 1182 pens.
2706 1123 2922 1164 annua
2951 1105 3015 1164 in
3044 1104 3188 1165 fest.
3219 1124 3269 1165 s.
3294 1106 3496 1165 Maria
3525 1107 3589 1164 in

1136 1208 1367 1280 agusto
1406 1222 1541 1282 arg.
1584 1201 1730 1262 den.
1761 1221 1872 1263 sex
1900 1202 1962 1262 b.
1993 1221 2138 1282 exp.
2169 1201 2376 1280 qualis
2404 1220 2516 1279 per
2545 1208 2743 1279 temp.
2772 1221 2853 1273 0.;
2882 1221 3027 1280 pen.
3059 1222 3192 1285 arg.
3221 1203 3334 1263 sol.
3367 1203 3586 1264 XXX.

1136 1299 1280 1360 Act.
1326 1298 1674 1360 Voloterre.
1770 1300 2072 1360 Anselmo
2100 1299 2440 1360 archidiae.
2484 1319 2566 1359 ss.
2611 1298 2673 1359 S.
2705 1318 2791 1359 m.
2834 1299 3003 1361 Ursi.
3032 1300 3243 1361 Teuzo
3269 1301 3478 1380 presb.
3521 1308 3588 1362 et

1134 1417 1274 1458 can.
1321 1398 1548 1459 Petrus
1590 1397 1798 1476 presb.
1830 1403 1895 1458 et
1923 1416 2065 1459 ean.
2108 1396 2321 1457 Teuzo
2362 1395 2569 1475 presb.
2601 1403 2668 1457 et
2695 1416 2836 1458 can.
2867 1395 3094 1459 Albizo
3134 1398 3330 1458 levita
3359 1405 3424 1459 et
3444 1418 3586 1460 ean.

1137 1495 1455 1556 Iohannes
1482 1496 1681 1556 levita
1707 1501 1773 1557 et
1801 1515 1943 1557 ean.
1989 1494 2217 1556 Petrus
2244 1495 2408 1556 diac.
2440 1500 2506 1555 et
2540 1513 2681 1555 ean.
2715 1493 3035 1557 Iohannes
3062 1495 3324 1556 clericus
3351 1504 3416 1557 et
3445 1516 3586 1557 ean.

1135 1594 1279 1654 Allo
1320 1593 1531 1672 presb.
1575 1600 1644 1655 et.
1682 1613 1822 1654 ean.
1881 1594 1905 1673 [
1914 1639 2098 1653 ......
2103 1593 2196 1672 ]’)
2239 1612 2321 1653 ss.
2380 1591 2441 1652 S.
2488 1612 2574 1653 m.
2631 1591 2831 1652 Uuidi
2871 1592 2915 1652 f.
2961 1592 3023 1653 b.
3080 1613 3163 1654 m.
3213 1593 3587 1672 Teudinghi.

1116 1692 1285 1771 J[...]
1310 1695 1578 1769 ¹)matus
1619 1692 1732 1771 [..]
1813 1690 2208 1770 [Gherardus
2247 1696 2385 1751 not.
2430 1691 2589 1769 inp.]
2611 1694 2677 1766 ³).

1467 1789 1625 1851 Volt.
1672 1788 1891 1867 AC'ap.
1936 1810 2000 1849 n.
2030 1788 2113 1849 38
2141 1788 2311 1866 Oriq.

1136 1988 1235 2050 78.
2549 1985 2919 2062 Beriynone,
2965 1986 3044 2047 16
3086 1985 3408 2047 Dezember
3448 1985 3585 2046 990.

1256 2084 1758 2164 Non'gentesimo
1778 2084 2215 2162 octuagesimo
2242 2084 2570 2159 deeimo')‚
2601 2084 3127 2162 septimodecimo
3144 2084 3263 2144 eal.
3288 2086 3433 2155 ian„
3456 2084 3586 2145 ind.

1134 2184 1346 2243 tertia.
1406 2183 1699 2243 Petrus
1726 2189 1791 2242 et
1820 2181 2028 2242 Uual
2047 2181 2347 2258 berto⁸)
2376 2202 2481 2263 gg.
2502 2181 2548 2241 f.
2567 2180 2973 2243 Uualderade
3000 2183 3412 2244 convenimus
3440 2202 3586 2242 cum

1135 2278 1547 2341 Uualderada
1601 2300 1725 2359 que
1780 2277 1977 2339 Rotia
2035 2299 2172 2340 voc.
2218 2299 2318 2359 gg.
2363 2286 2601 2352 nostra,
2659 2279 2703 2339 f.
2747 2279 3173 2352 Uualderade,
3217 2299 3343 2358 que
3397 2281 3590 2342 modo

1134 2399 1201 2439 es
1242 2378 1468 2439 mulier
1511 2377 1807 2439 Romaldi
1851 2378 1959 2456 qui
2006 2377 2280 2439 Corbulo
2336 2397 2496 2449 voe„
2541 2384 2608 2437 ut
2656 2376 2736 2438 de
2780 2379 3010 2438 nostris
3051 2379 3235 2449 casis,
3291 2378 3586 2449 castellis,

1134 2478 1317 2547 roei&
1360 2475 1683 2555 cappelliS,
1728 2476 2044 2547 casaliniS‚
2089 2478 2278 2536 sortis
2305 2482 2372 2535 et
2400 2476 2589 2537 rebus
2632 2477 2696 2536 in
2738 2476 2878 2536 loca
2920 2475 3239 2555 Bergnoni
3274 2496 3421 2537 cum
3448 2477 3588 2554 ipso

1114 2582 1346 2635 ταθῇ-ο
1376 2574 1562 2654 quod
1604 2575 1865 2635 castello
1908 2594 2048 2634 voc.
2093 2576 2228 2635 sive
2269 2576 2336 2635 in
2379 2575 2768 2652 Nequaviva
2794 2580 2858 2634 et
2889 2576 2956 2635 in
2983 2574 3364 2654 Gavignano
3389 2583 3589 2654 atque

1135 2674 1200 2731 in
1242 2671 1543 2732 Nomuns.
1584 2672 1796 2749 adque
1837 2672 1904 2731 in
1946 2670 2366 2731 Vallemaiore
2407 2672 2541 2730 sive
2582 2672 2650 2733 in
2691 2670 3041 2748 Nargnano
3079 2671 3214 2730 sive
3255 2672 3394 2731 aliis
3433 2670 3588 2731 locis

1134 2771 1369 2830 nostris
1414 2769 1641 2830 Petrus
1683 2775 1747 2828 et
1792 2767 2129 2829 Uuabertu
2159 2772 2202 2845 ¹)
2247 2774 2636 2846 potestatem
2681 2787 2808 2829 non
2849 2766 3201 2829 habeamus
3242 2770 3585 2848 quiequam

1134 2867 1456 2928 alienandi
1496 2903 1577 2912 —
1619 2867 1736 2927 nisi
1781 2868 1844 2928 in
1888 2869 2258 2947 morginoap
2303 2866 2386 2929 ad
2427 2867 2714 2947 legitima
2768 2870 3034 2944 coniuge
3087 2874 3308 2927 nostra
3349 2902 3430 2912 —
3467 2868 3589 2927 nisi

1134 2967 1200 3026 in
1244 2965 1741 3037 Uualderadam,
1785 2972 1851 3026 et
1894 2967 1946 3025 si
1989 2965 2109 3025 tibi
2145 2964 2314 3026 bons.
2342 2965 2630 3044 quolibet
2660 2966 2911 3044 ingenio
2937 2964 3318 3036 dederimus,
3351 2964 3589 3025 habeas

1133 3063 1261 3136 illa,
1305 3057 1642 3141 tamquam
1687 3062 1804 3123 tibi
1848 3062 2474 3133 venumdaverimus‚
2520 3069 2585 3122 et
2628 3064 2887 3141 insuper
2927 3081 3071 3141 pen.
3128 3064 3588 3140 componamus

1134 3180 1267 3241 arg.
1312 3159 1420 3221 lib.
1465 3162 1555 3232 0.;
1600 3161 1748 3222 lono
1789 3167 1853 3221 et
1898 3161 2128 3220 merito
2156 3162 2509 3239 recepimus
2537 3181 2576 3221 a
2608 3159 3017 3222 Uualderada
3045 3167 3113 3221 et
3145 3159 3463 3221 Romaldo
3490 3162 3588 3220 vir

1134 3264 1286 3318 tuus
1327 3258 1414 3319 ad
1452 3259 1707 3319 finitum
1751 3265 1818 3319 et
1858 3257 2212 3319 deliberato
2251 3260 2461 3336 pretio
2501 3260 2669 3319 inter
2710 3278 2840 3337 arg.
2876 3263 2943 3318 et
2986 3258 3144 3318 alias
3185 3257 3478 3318 movilias
3522 3260 3586 3318 in

1133 3357 1245 3417 sol.
1290 3356 1430 3417 LX.
1514 3357 1658 3417 Aet.
1691 3357 1828 3417 loeo
1858 3356 2175 3435 Bergnoni
2221 3359 2544 3417 territurio
2573 3357 3053 3418 voloterrensis.
3125 3356 3354 3416 Petrus
3394 3376 3475 3416 ss.
3522 3357 3584 3419 S.

1134 3475 1218 3514 m.
1263 3454 1622 3515 Uualberti.
1669 3454 2056 3516 Ildebrandi.
2087 3475 2149 3533 q.
2183 3454 2404 3516 Ilditio
2445 3475 2583 3516 voe.
2615 3455 2660 3515 f.
2693 3455 2755 3516 b.
2788 3473 2872 3514 m.
2906 3455 3062 3514 item
3093 3453 3458 3515 Ildebrandi
3501 3461 3582 3516 tt.

1112 3558 1202 3613 ὀὗ
1240 3553 1450 3630 pretio
1489 3552 1687 3613 dante
1730 3552 1880 3613 vidi.
1925 3553 1988 3615 S.
2035 3574 2119 3613 m.
2164 3552 2404 3614 Siifridi
2443 3573 2506 3631 q.
2552 3552 2714 3614 Sitio
2755 3573 2816 3612 v.
2846 3551 2893 3613 f.
2928 3553 2983 3614 b.
3016 3571 3101 3613 m.
3146 3553 3301 3612 item
3343 3551 3587 3613 Aifredi

1132 3656 1268 3710 not.
1315 3656 1394 3709 tt.
1440 3657 1505 3710 et
1550 3652 1758 3728 pretio
1797 3651 1996 3712 dante
2040 3650 2191 3711 vidi.
2237 3650 2300 3711 S.
2345 3671 2428 3710 m.
2475 3650 2765 3712 Uuifredi
2808 3650 2853 3710 f.
2899 3650 2961 3710 b.
3009 3670 3092 3710 m.
3133 3649 3357 3710 Iovani
3400 3657 3481 3712 tt.
3519 3656 3584 3710 et

1131 3749 1340 3827 pretio
1368 3747 1567 3809 dante
1598 3748 1750 3809 vidi.
1795 3748 1857 3809 S.
1903 3769 1987 3809 m.
2021 3749 2296 3809 Almiehi
2324 3748 2369 3809 f.
2403 3748 2465 3808 b.
2498 3769 2582 3809 m.
2616 3748 2915 3809 Balduini
2946 3754 3026 3807 tt.
3059 3754 3122 3808 et
3153 3750 3362 3826 pretio
3388 3747 3586 3808 dante

1134 3844 1287 3919 vidi.
1335 3845 1631 3906 Donatus
1672 3846 1865 3908 iudex
1905 3849 2037 3925 inp.
2084 3868 2165 3906 ss.
2253 3848 2545 3908 Uuinitio
2587 3853 2723 3907 not.

1458 3943 1620 4007 Volt.
1665 3942 1884 4023 Aoap.
1928 3966 1989 4005 n.
2037 3946 2136 4016 29,
2180 3945 2302 4006 980
2329 3945 2650 4048 (.'),Ori9..

1116 4139 1234 4199 79.
2789 4140 3136 4218 Uliqmmo,
3181 4140 3219 4200 1
3245 4140 3414 4200 Jum·
3443 4140 3581 4202 991.

1254 4237 1755 4317 Nongentesimo
1796 4241 2210 4320 nonagesimo
2250 4241 2477 4318 primo,
2520 4239 2646 4299 kal.
2691 4240 2846 4304 iun..
2890 4237 3022 4298 ind.
3068 4243 3320 4316 quarta.
3428 4239 3584 4301 Con-

1116 4337 1309 4395 ·venit
1355 4325 1523 4396 inter
1565 4336 1861 4397 Petrus
1901 4338 2114 4399 Volot..
2159 4359 2257 4416 ep.
2302 4358 2549 4399 necnon
2592 4336 3051 4397 Adslberto
3104 4335 3151 4395 f.
3197 4334 3258 4395 b.
3305 4355 3389 4395 m.
3437 4335 3583 4396 Ildi·

1132 4431 1307 4493 baldi
1347 4435 1460 4513 qui
1503 4433 1723 4496 Ilditio
1764 4455 1902 4495 voe.
1947 4435 2028 4495 de
2069 4438 2594 4496 commutatione.
2637 4435 2868 4495 Petrus
2909 4433 3089 4494 dedit
3132 4452 3261 4496 una
3303 4434 3478 4511 petia
3521 4434 3587 4493 in

1120 4529 1520 4610 -Ulingnan
1562 4532 1676 4594 ubi
1718 4533 1909 4594 modo
1952 4553 2091 4594 voc.
2135 4554 2174 4595 a
2218 4534 2451 4604 Canae,
2499 4552 2628 4594 uno
2668 4551 2830 4611 capo
2878 4538 3058 4593 tenet
3114 4533 3181 4592 in
3220 4530 3466 4591 fossato
3520 4537 3586 4590 et

1280 4735 1318 4796 ¹)
1358 4735 1449 4786 So·
1595 4739 1636 4800 ²)
1684 4738 2147 4801 Weqqoechniuen.
2293 4739 2335 4800 ε)
2377 4739 2494 4787 Am
2531 4737 2845 4788 Uuslbertu
2880 4751 3013 4786 corr.
