4000 5700
1077 526 1243 580 RRG
1252 525 1521 580 ESTUM
1559 526 1882 581 VOLATE
1892 529 1938 581 R
1950 529 1999 580 R
2010 528 2245 584 ANUM
2786 535 2885 583 149

423 724 571 786 423
2153 726 2471 800 Ravenna,
2519 727 2596 787 M
2596 749 2663 789 αι
2705 729 2886 791 1226.

553 819 961 900 Privilegium
991 820 1495 881 confirmationis
1532 820 1664 879 Fri
1681 820 1943 882 derici
2000 820 2081 881 II
2135 822 2290 901 imp.
2335 842 2450 904 pro
2502 828 2890 887 monasterio

425 917 922 982 Camaldulensi.

759 1015 918 1077 Voce.
950 1014 1264 1077 AMzmic.
1292 1015 1548 1090 (Radia)
1581 1015 1731 1093 Cep.
1755 1035 1805 1076 s.
1830 1015 2040 1076 XIII.
2125 1016 2282 1079 Edd.
2303 1018 2636 1080 Muttarellt
2651 1019 2696 1078 I
2702 1019 2753 1081 V
2769 1019 2890 1081 450

752 1111 1664 1175 π.271.Η1ιίΙΖανά-Βνὲ]ιοῑίεε
1694 1112 1765 1173 II
1797 1112 1919 1174 565
1950 1112 2142 1189 (beide
2169 1114 2682 1192 unvollctiindiq).
2716 1115 2886 1176 Win-

753 1209 1047 1272 helmam
1091 1207 1245 1270 Acta
1275 1209 1314 1268 Ι
1342 1209 1464 1270 250
1502 1230 1564 1270 σι.
1607 1209 1770 1272 275¹
1782 1216 1819 1285 ).
1865 1210 2013 1287 Req.
2049 1210 2598 1274 ·B.-F.-W.1604.

436 1406 574 1512 424.
1942 1406 2017 1465 M
2018 1407 2396 1484 onteqemoh
2442 1407 2483 1468 8
2519 1409 2571 1468 J
2571 1410 2667 1471 ult
2707 1410 2885 1472 1226.

495 1501 998 1565 Guilielmo
1026 1506 1094 1562 et
1136 1501 1572 1564 Bonifatio
1614 1502 1957 1565 comitibus
1987 1501 2289 1582 palatinis
2315 1504 2424 1584 qd
2456 1507 2707 1568 comitis
2734 1506 2887 1569 Ildi·

434 1601 732 1663 brendini
771 1599 1199 1661 existentibus
1249 1601 1424 1680 apud
1479 1606 1764 1662 castrum
1819 1601 1900 1662 de
1956 1602 2477 1681 Montegemmoli
2520 1611 2587 1665 et
2627 1603 2692 1664 in
2734 1604 2886 1668 eccl.

430 1719 482 1760 s.
526 1698 965 1760 Bartholomei
1003 1702 1072 1758 et
1113 1698 1465 1759 Affricante
1505 1699 1612 1778 qd.
1658 1698 1978 1761 Pinocchii
2008 1699 2091 1760 de
2119 1700 2295 1761 Vult.
2326 1708 2570 1762 rectore
2596 1704 2886 1765 comunis

433 1796 627 1859 castri
665 1803 733 1857 et
771 1795 1139 1858 hominibus
1178 1797 1374 1856 castri
1427 1805 1495 1857 et
1550 1797 1748 1858 curtis
1802 1798 2204 1876 congregatis
2259 1798 2536 1877 petitum
2592 1799 2718 1861 fuit
2771 1821 2888 1880 pro

432 1902 616 1975 parte
656 1895 987 1965 comitum,
1031 1893 1208 1973 quod
1245 1895 1403 1955 scire
1445 1893 1752 1955 volebant
1791 1896 1931 1955 iura
1958 1900 2028 1955 et
2054 1896 2354 1970 rationes:
2394 1916 2518 1976 que
2552 1897 2886 1961 habebant

432 1992 517 2055 ab
559 1991 925 2053 hominibus
964 1992 1174 2051 castri.
1220 1990 1606 2052 Statuerunt
1647 1991 1899 2052 credere
1950 1992 2512 2054 testificationibus
2566 1995 2887 2074 antiquio·

430 2110 611 2163 rum;
656 2089 823 2151 VIII
865 2089 1051 2151 electi
1093 2097 1265 2150 sunt.
1351 2089 1494 2150 Act.
1539 2090 1604 2151 in
1646 2088 1793 2153 eccl.
1854 2110 1903 2150 s,
1962 2089 2399 2153 Bartholomei
2456 2091 2614 2153 dicti
2669 2094 2882 2154 castri.

432 2188 649 2250 Presb.
694 2187 994 2250 Sei-acino
1033 2193 1276 2248 rectore
1317 2186 1462 2248 ech
1510 2187 1590 2249 de
1630 2187 2177 2266 Montegemmoli.
2231 2188 2480 2251 Bifoloo
2520 2189 2630 2269 qd.
2674 2189 2886 2253 Bona·

437 2293 723 2349 venture.
770 2287 1134 2365 Ruggerino
1175 2285 1283 2365 qd.
1331 2285 1679 2365 Paganelli.
1712 2285 2035 2351 Rainaldo
2061 2285 2143 2346 de
2173 2284 2456 2348 Belforte
2483 2286 2593 2366 qd.
2625 2288 2887 2369 Rugerii

428 2391 514 2447 tt.
596 2383 1016 2456 Mccxxvl,
1061 2384 1193 2445 ind.
1240 2383 1472 2456 XIIII,
1515 2382 1683 2445 VIII
1722 2383 1808 2444 id.
1852 2383 1961 2445 iul.
2047 2382 2349 2445 Albertus
2378 2384 2485 2464 qd.
2517 2385 2884 2447 Rollandini

428 2484 616 2554 dixit,
648 2482 821 2560 quod
852 2480 1019 2542 vidit
1049 2500 1091 2541 a
1116 2481 1316 2541 XXX
1348 2483 1532 2543 annis
1558 2482 1866 2543 comitem
1894 2480 2410 2543 Ildibrandinum
2438 2488 2506 2542 et
2537 2484 2674 2543 eius
2701 2482 2746 2543 f.
2778 2503 2884 2544 ve·

424 2582 567 2642 nire
606 2579 1217 2657 Montemgemmoli,
1252 2578 1611 2657 'aliquando
1650 2579 1730 2640 de
1771 2579 1958 2640 annis
1996 2577 2128 2639 VH
2169 2578 2383 2650 semel,
2429 2579 2776 2660 aliquando
2802 2581 2884 2642 de

429 2680 489 2741 V.
515 2680 701 2740 annis
741 2678 956 2749 semel,
999 2683 1337 2756 tamquam
1377 2676 1710 2738 dominum
1752 2676 1968 2750 castri,
2001 2681 2070 2737 et
2096 2680 2267 2738 stare
2293 2676 2384 2739 ibi
2411 2697 2529 2756 pro
2558 2678 2716 2740 velle
2742 2698 2882 2754 suo,

433 2784 498 2839 et
525 2775 814 2838 homines
857 2773 1224 2837 serviebant·
1262 2781 1331 2835 et
1370 2772 1623 2837 dabant
1647 2774 1870 2836 comiti
1895 2779 1964 2835 et
1991 2775 2296 2853 personis,
2325 2794 2487 2855 quas
2521 2794 2738 2837 secum
2764 2776 2881 2838 du·

420 2875 638 2948 cebat‚
683 2895 802 2953 pro
844 2873 1201 2954 albergaria
1242 2874 1329 2935 Π·
1351 2876 1865 2946 commestioneS,
1910 2873 1942 2934 Ι
1984 2875 2051 2934 in
2091 2881 2231 2934 sero
2272 2880 2340 2935 et
2381 2874 2418 2936 I
2455 2876 2523 2936 in
2565 2895 2773 2949 mane,
2815 2882 2884 2939 et

429 2993 732 3045 anonam,
762 2974 1014 3053 paleam
1055 2971 1191 3034 sive
1231 2979 1514 3034 stramen
1557 2972 1738 3051 equis
1779 2972 1908 3033 suis
1950 2979 2020 3032 et
2047 2973 2220 3033 curie
2260 2991 2374 3051 per
2402 2970 2437 3031 Ῑ
2469 2978 2756 3044 noctem;
2788 2975 2882 3037 in·

421 3091 620 3151 super
659 3091 777 3151 pro
819 3076 1090 3150 accapto
1132 3071 1267 3131 sive
1307 3069 1573 3131 collecta
1616 3068 1818 3130 XXX
1860 3069 1968 3156 lib.
2011 3070 2156 3131 den.
2200 3067 2376 3130 Vult.
2420 3070 2503 3134 de
2526 3069 2658 3131 VH
2701 3073 2884 3134 amiis

428 3169 628 3231 semel
666 3169 1013 3247 aliquando
1053 3174 1121 3229 et
1162 3167 1510 3247 aliquando
1550 3167 1633 3228 de
1675 3168 1764 3238 V;
1811 3166 1979 3228 vidit
2006 3175 2342 3247 pasturam
2384 3187 2502 3248 pro
2541 3168 2775 3232 comite
2814 3176 2883 3231 et

422 3268 606 3329 ouria
633 3267 767 3328 eius
795 3268 861 3327 in
884 3284 1076 3345 pasco
1103 3271 1171 3326 et
1197 3270 1468 3344 pastura
1491 3263 1574 3325 de
1594 3264 2117 3345 Montegcmmoli
2139 3264 2413 3344 pecudes
2435 3265 2878 3340 mandrianm

426 3365 682 3426 audivit
710 3365 854 3438 dici,
899 3364 1076 3443 quod
1118 3362 1187 3425 11
1228 3362 1490 3441 poderia
1529 3361 1796 3424 fuerunt
1836 3363 2123 3435 comitis3
2167 3362 2456 3423 homines
2497 3364 2692 3424 castri
2734 3382 2881 3425 eon·

429 3472 775 3524 sueverunt
815 3461 1042 3542 eligere
1083 3462 1422 3522 annuatim
1463 3466 1794 3532 rectorem,
1838 3458 1951 3521 sed
1992 3459 2075 3522 de
2118 3461 2336 3524 amicis
2366 3459 2558 3533 ehad
2576 3461 2881 3528 honorem

420 3561 698 3621 comitis.
742 3559 948 3621 Ceteri
991 3565 1189 3620 testes
1229 3556 1461 3619 similia
1501 3557 1747 3620 dicunt.
1794 3555 2162 3622 Pubblioati
2201 3562 2354 3619 sunt
2397 3563 2606 3630 testu
2636 3559 2714 3622 in
2745 3575 2882 3636 lto-

428 3658 637 3722 sentia
675 3658 1007 3730 comitum,
1050 3656 1334 3728 rectoris,
1362 3656 1698 3718 hominum
1726 3657 1919 3716 castri
2015 3660 2098 3716 tt.
2125 3661 2193 3718 et
2219 3654 2326 3727 die
2350 3661 2429 3715 ut
2469 3674 2680 3734 supra.
2776 3655 2888 3718 Al-

428 3753 650 3816 bertus
690 3755 798 3834 qd.
818 3755 1165 3816 Asc-heroli
1205 3755 1287 3816 de
1332 3752 1504 3815 Vu'ltss
1550 3752 1705 3834 imp.
1752 3759 1920 3816 auct.
1964 3759 2102 3815 not.
2134 3759 2360 3836 rogata
2393 3773 2509 3833 pet
2537 3753 2884 3818 Boutalen·

424 3857 570 3915 tum
612 3861 747 3915 not.
798 3851 1197 3914 defunctum.

744 3951 1009 4013 Florem
1050 3950 1202 4011 Ast.
1237 3950 1429 4024 (Volt.
1472 3970 1536 4010 n.
1567 3949 1712 4024 256)
1744 3948 1925 4026 Oriq.

420 4093 573 4209 426
1010 4099 1015 4106 ’
1132 4199 1137 4202 .
1303 4146 1593 4222 Seqalar·
1634 4145 1805 4206 dena
1846 4143 2275 4218 amantem,
2319 4147 2359 4207 2
2400 4145 2658 4208 omar
2696 4145 2880 4210 1226.

444 4278 459 4287 -
548 4243 964 4314 mccxva
1012 4243 1105 4303 vl
1146 4262 1295 4305 non
1347 4250 1497 4314 oct„
1542 4242 1671 4304 ind.
1724 4243 1866 4303 xv
1963 4243 2352 4325 Bonaguida
2401 4243 2511 4323 qd
2562 4244 2765 4308 Pais-i
2817 4251 2887 4306 οι

428 4342 770 4422 Passagius
808 4342 855 4402 f.
898 4340 1272 4404 cancellarii
1321 4340 1818 4402 ambasciatores
1860 4339 2234 4404 comunis
2275 4341 2489 4402 Vult.
2534 4360 2651 4420 pto
2699 4359 2773 4402 se
2817 4349 2888 4403 et

420 4440 717 4521 Galgano
751 4440 854 4519 qd.
885 4439 1199 4500 Tancredi
1240 4438 1784 4500 coambasciatore
1824 4439 2154 4517 elegerunt
2195 4437 2533 4504 Albertum
2575 4437 2877 4501 mitem

419 4537 507 4599 de
548 4536 840 4617 Segalare
883 4537 993 4616 qd.
1037 4538 1289 4599 comitis
1328 4536 1547 4597 Tedici
1590 4538 1657 4597 in
1697 4542 2091 4615 potestatem
2133 4537 2314 4597 Vult.
2356 4556 2398 4596 a
2446 4536 2573 4598 kal.
2615 4538 2884 4604 ianuarii

574 4744 612 4809 Ι)
654 4745 812 4796 Naeh
848 4746 968 4795 dom
1005 4745 1151 4807 Oria.
1190 4745 1255 4794 in
1290 4744 1517 4796 Florem.
1553 4744 1687 4796 Ast.
1728 4742 2093 4806 (oo-uldou).
