4000 5700
1055 454 1499 509 REGESTUM
1539 455 1860 509 VOLATE
1872 455 2096 508 RRAN
2110 456 2223 511 ΠΜ
2763 459 2869 511 305

419 548 466 555 .—

417 648 521 725 qd.
568 647 1041 710 Buoneristiani
1081 650 1163 709 de
1193 649 1486 712 Casalino
1527 650 1699 709 curie
1727 649 1964 710 Montisx
1998 648 2305 710 Vultrarii
2331 650 2664 711 districtus
2692 651 2864 711 Vult..

417 764 534 823 pro
562 746 893 807 Salvuceio
935 746 1178 808 Faville
1206 747 1450 809 sindico
1488 745 1662 808 Vult.
1695 749 1983 808 comunis
2010 747 2093 810 de
2119 747 2397 810 denariis
2426 748 2669 809 sindico
2697 749 2872 811 datis

417 870 457 909 8
497 844 842 905 Mannecto
886 846 1165 907 Peraeeii
1205 846 1553 906 camerario
1595 846 1884 906 comunis
1925 846 2098 909 Vult.
2146 866 2260 924 pro
2288 846 2741 909 satisfaciendo
2768 867 2867 911 eo-

417 944 563 1004 miti
601 950 670 1003 et
713 942 1023 1003 mititibus
1065 944 1218 1003 talie
1259 962 1375 1022 pro
1417 963 1592 1022 paga
1627 950 1790 1022 sept.
1832 951 1902 1004 et
1941 952 2064 1005 oeb.
2110 945 2561 1024 preteritomm
2603 944 2707 1006 lib.
2747 945 2871 1006 XV

367 1058 377 1065 ‘
417 1049 484 1103 et
526 1042 639 1102 sol.
682 1041 812 1102 VII
853 1040 999 1101 den.
1045 1042 1168 1101 Pis.
1253 1042 1396 1102 Aet.
1443 1040 1623 1102 Senis
1663 1043 1730 1101 in
1770 1042 1965 1102 domo
2012 1043 2285 1120 giardim'
2340 1042 2868 1104 Salimbenorum.

418 1139 701 1200 Orlando
741 1139 824 1200 de
864 1137 1232 1198 Malavoltis
1273 1139 1355 1199 de
1398 1137 1594 1199 Senis,
1643 1139 1861 1201 Bruno
1902 1146 2035 1199 not.
2080 1141 2352 1201 comitis.
2397 1140 2638 1201 Datino
2679 1139 2872 1201 Bindi

416 1237 498 1297 de
539 1236 909 1314 Septimeua
951 1236 1124 1296 curie
1167 1235 1408 1297 Montis
1439 1236 1744 1297 Vultrarii
1785 1241 1861 1297 tt.
1945 1236 2500 1309 MCCLXXXIII,
2547 1239 2674 1298 ind.
2713 1237 2871 1309 XII,

417 1335 473 1395 V
517 1354 661 1395 nov.
747 1333 1015 1394 Michael
1061 1334 1164 1414 qd.
1213 1334 1518 1395 Bonaiuti
1557 1334 1640 1396 de
1680 1334 1853 1396 Vult.
1899 1335 2092 1397 iudex
2152 1336 2284 1396 ord.
2341 1342 2409 1397 et
2464 1341 2595 1396 not.
2645 1336 2869 1397 imbre·

418 1433 598 1493 vista
640 1451 750 1510 per
793 1431 1139 1492 Barzinum
1183 1438 1317 1491 not.

735 1530 993 1590 Florenz
1035 1529 1185 1590 Ast.
1235 1529 1419 1605 (Vola.
1465 1550 1525 1590 n.
1571 1530 1758 1605 1151)
1803 1530 1972 1608 Oriq.

419 1760 557 1819 906.
1969 1759 2185 1834 Siena,
2230 1760 2269 1819 5
2312 1760 2648 1820 November
2687 1759 2869 1822 1283.

537 1858 869 1919 Rostanus
912 1858 992 1918 de
1020 1856 1381 1937 Cavaglone
1411 1856 2322 1937 conestabiliS,E1-mingaldus
2351 1860 2431 1921 de
2459 1858 2870 1930 Monteolin

419 1956 794 2017 Guilielmus
823 1956 1036 2028 Testa,
1062 1954 1254 2016 Ianni
1280 1954 1740 2035 BorgognoniS,
1770 1954 2169 2017 Rambertus
2196 1955 2515 2029 Rainaldi,
2547 1956 2873 2034 Ughettus

419 2054 501 2113 de
541 2053 761 2113 Mocza
802 2052 1194 2113 substitutus
1237 2052 1375 2113 loco
1419 2052 1729 2113 Bernardi
1776 2052 1856 2114 (10
1897 2052 2296 2114 Monteolaro
2353 2054 2585 2114 milites
2626 2055 2872 2115 contin·

419 2157 641 2230 gentes
684 2150 897 2211 Vult.
942 2151 1266 2210 comuni
1307 2148 1389 2209 de
1431 2148 1740 2211 militibus
1784 2151 1934 2211 talie
1977 2152 2304 2211 societatis
2345 2152 2572 2212 Tuscie
2613 2153 2681 2212 in
2734 2171 2873 2230 pre·

419 2249 626 2308 sentia
671 2246 981 2308 Gnidonis
1023 2246 1380 2308 Salvatiohi
1423 2248 1674 2309 comitis
1715 2249 1783 2311 in
1822 2248 2054 2309 Tuscia
2099 2247 2372 2327 palatini
2423 2248 2686 2310 fuerunt
2726 2269 2872 2310 con·

420 2346 568 2406 fessi
607 2364 673 2406 se
717 2347 1025 2423 recepisse
1065 2345 1149 2406 ab
1195 2344 1463 2406 Alberto
1501 2344 1976 2406 Buoneristiani
2004 2346 2086 2407 de
2112 2345 2408 2407 Casalino
2437 2348 2607 2407 curie
2635 2346 2874 2407 Montis

422 2444 727 2505 Vultrarii
768 2443 940 2504 Vult.
985 2444 1318 2504 districtus
1369 2462 1490 2525 pro
1558 2442 1890 2505 Salvueoio
1952 2443 2197 2505 Faville
2253 2445 2497 2505 sindico
2537 2444 2712 2507 Vult.
2770 2465 2873 2505 eo-

423 2541 632 2603 munis
673 2542 756 2603 de
796 2541 1047 2603 florenis
1087 2541 1167 2602 de
1211 2560 1370 2602 auro
1409 2546 1476 2602 015
1519 2540 1658 2602 aliis
1698 2541 1841 2602 den.
1906 2543 1966 2603 ei
2021 2542 2190 2603 datis
2247 2562 2364 2620 pro
2418 2541 2874 2603 satisfaciendo

420 2659 537 2718 pro
578 2638 731 2700 iulio
771 2645 836 2700 et
879 2644 1156 2718 augusto
1197 2638 1518 2716 preteritis
1565 2644 1632 2699 et
1685 2658 1801 2717 pro
1849 2639 2033 2700 soldo
2088 2638 2392 2700 hamdere
2449 2638 2726 2700 Rostani
2765 2638 2871 2701 lib.

420 2736 632 2798 CLIII
672 2736 816 2797 den.
860 2756 1038 2815 parv.
1086 2737 1210 2797 Pis.
1255 2742 1322 2796 et
1364 2736 1814 2799 florinellorum
1855 2737 1923 2798 111
1977 2737 2120 2799 den.
2178 2737 2418 2798 florinis
2473 2737 2555 2798 de
2610 2757 2768 2798 auro
2810 2743 2873 2798 et

421 2833 563 2896 aliis
603 2834 746 2895 (1011.
792 2835 1016 2896 orossis
1070 2834 1150 2895 de
1208 2839 1490 2911 argento,
1547 2834 1940 2913 computatis
1995 2833 2102 2895 III
2158 2833 2287 2907 lib„
2330 2853 2492 2912 quas
2546 2834 2879 2896 Rostanus

421 2931 655 2992 habere
697 2930 978 2992 debebat,
1018 2951 1135 3010 pro
1178 2931 1476 2992 bandera.
1559 2932 1703 2993 Aet.
1742 2931 1924 2994 Senis
1952 2933 2019 2992 in
2047 2931 2243 2993 domo
2269 2932 2541 3012 giardini
2569 2931 2874 2993 Salimbe·

423 3049 667 3091 norum.
755 3029 1035 3091 Orlando
1077 3030 1158 3090 de
1185 3029 1552 3099 Malavoltis
1579 3029 1659 3090 de
1687 3029 1883 3091 Senia.
1917 3030 2138 3090 Bruuo
2169 3035 2301 3091 not.
2332 3031 2602 3091 comitis.
2634 3028 2877 3090 Datino

427 3127 618 3188 Bindi
656 3128 738 3189 de
779 3126 1150 3206 Septimena
1193 3133 1271 3187 tt.
1355 3127 1903 3200 MOCLXXXIII,
1934 3128 2066 3189 iud.
2098 3128 2255 3198 XII,
2286 3128 2344 3188 V
2372 3148 2518 3190 nov.
2606 3127 2874 3189 Michael

422 3226 527 3304 qd.
562 3225 865 3285 Bonaiuti
894 3226 974 3286 de
1001 3224 1175 3286 Vult.
1209 3226 1402 3286 iudex
1436 3225 1567 3286 ord.
1599 3231 1665 3286 et
1693 3231 1827 3286 not.
1859 3246 1938 3286 ex
1959 3225 2436 3286 imbreviaturis
2457 3224 2719 3287 Barzini
2738 3231 2872 3286 not.

741 3323 1002 3383 Florenz
1043 3321 1192 3383 Ast.
1243 3323 1427 3397 (Volt.
1469 3343 1535 3384 n.
1580 3321 1764 3398 1151)
1807 3322 1976 3400 Oriq.

424 3554 561 3614 907.
1711 3551 2190 3626 Montecuocari,
2236 3552 2273 3612 5
2316 3552 2653 3613 November
2693 3551 2872 3614 1283.

543 3650 1092 3720 MCCLXXXIII,
1117 3650 1244 3710 ind.
1279 3650 1434 3720 XII,
1465 3650 1521 3710 V
1550 3669 1696 3709 nov.
1781 3650 1925 3710 Act.
1955 3649 2488 3711 Montecucchari.
2575 3651 2880 3713 Casuceio

425 3750 529 3829 qd.
578 3749 813 3811 Dueeii.
860 3748 1086 3809 Giaoto
1116 3748 1425 3808 Aludierii
1451 3753 1530 3808 tt.
1614 3747 1862 3808 Cinus
1892 3767 2104 3809 comes
2134 3748 2285 3808 olim
2309 3748 2596 3810 RaineJii
2625 3750 2878 3809 comitis

424 3847 504 3908 de
545 3845 1062 3906 Montecuoehari
1100 3844 1255 3904 feeit
1298 3845 1741 3906 Trineueeium
1782 3844 2049 3905 fratrem
2093 3864 2280 3905 suum
2322 3847 2623 3905 comitem
2656 3866 2875 3925 procu-

425 3949 702 4004 ratorem
747 3942 830 4003 ad
870 3942 1304 4003 inducendum
1346 3941 1761 4003 Thomasium
1803 3942 1907 4021 qd.
1953 3939 2398 4004 Baldovinetti
2452 3942 2533 4004 de
2586 3942 2879 4003 Lueardo

427 4043 493 4101 in
533 4041 994 4120 possessionem
1036 4040 1378 4101 domorum
1420 4046 1486 4100 et
1525 4058 1736 4100 rerum
1779 4041 1838 4100 01
1878 4039 1961 4099 ab
2004 4041 2159 4119 ipsis
2201 4039 2628 4100 venditarum.
2718 4041 2879 4101 Diri·

427 4146 572 4200 etus
614 4145 747 4198 not.
792 4137 1135 4200 Christiani
1175 4138 1258 4198 de
1299 4137 1569 4199 Alfiano.

755 4235 888 4296 Wie
927 4237 1031 4298 die
1069 4235 1352 4313 folyende
1392 4236 1714 4297 Nummer.

428 4461 564 4518 908.
1989 4457 2195 4532 Codri,
2241 4459 2279 4519 6
2320 4459 2656 4521 November
2695 4460 2877 4522 1283.

549 4555 1099 4628 MCCLXXXIIL
1145 4558 1273 4618 iud.
1321 4557 1475 4629 XII,
1523 4556 1611 4616 VI
1653 4575 1800 4616 now
1884 4557 2028 4616 Act.
2073 4556 2324 4618 Ceddri.
2428 4558 2731 4620 Casuceio
2770 4559 2875 4636 qd.

430 4653 671 4726 Dueeii,
715 4653 959 4714 Darino
1000 4655 1104 4732 qd.
1139 4654 1405 4715 Batonis
1437 4661 1512 4714 tt.
1597 4653 2138 4714 Trineucoius
2179 4674 2387 4716 comes
2416 4656 2565 4715 olim
2596 4654 2881 4717 Rainerii

643 4808 713 4856 20
