4000 5700
1166 517 1238 569 90
1814 520 2257 575 REGESTUM
2295 519 2456 575 VOL
2463 521 2983 576 ATERRANUM

1166 709 1302 768 258.
2491 713 2644 774 Vico
2693 712 2811 774 Vae
2851 715 2910 774 d’
2914 714 3088 788 Elea,
3131 715 3172 776 3
3213 714 3404 792 April
3443 715 3618 777 1202.

1286 804 1645 866 Concordia
1681 806 1848 866 inter
1872 806 2212 869 Albertum
2241 807 2322 868 de
2352 807 2759 870 Monta-utolo
2787 809 3120 872 dominum
3162 812 3364 875 Sanc
3382 813 3444 871 ti
3488 811 3622 872 Ge·

1170 901 1510 964 miniani
1562 909 1629 963 et
1675 900 1986 964 Claritum
2018 904 2186 967 Pillii
2210 906 2533 966 consulem
2572 913 2997 969 mercatorum
3026 908 3242 970 Flor.
3274 927 3464 986 super
3495 898 3617 970 dis-⁸

1166 999 1386 1061 cordia
1430 1001 1597 1062 inter
1646 1001 2049 1064 Florentinos
2102 1009 2170 1064 et
2223 1003 2748 1065 Sumofontenses
2802 1005 3618 1086 Santigiminianensesque.

1484 1099 1621 1159 San
1650 1100 2032 1178 Gimiqnano
2061 1100 2293 1161 ACom.
2317 1100 2501 1162 Liber
2526 1102 2787 1164 blancus
2820 1103 2920 1164 16'
2948 1102 3098 1181 Gop.
3141 1124 3189 1165 3.
3233 1103 3423 1164 XIII
3463 1105 3618 1165 med.

1486 1196 1601 1257 Ed.
1644 1197 1904 1259 Sontini
1944 1198 2092 1259 Doc.
2142 1197 2218 1259 73
2244 1197 2404 1258 nach
2433 1198 2692 1260 Florem
2727 1200 2876 1261 Ast.
2921 1199 3200 1277 Capitoli
3240 1200 3480 1263 XXVI
3522 1200 3618 1275 70,

1485 1295 1621 1357 189.
1666 1295 1930 1366 XXIX,
1977 1296 2070 1357 75.
2307 1323 2310 1326 >

1163 1393 1303 1454 259.
2992 1396 3032 1457 8
3070 1398 3327 1458 Januar
3367 1398 3527 1459 1204
3555 1401 3619 1475 ¹).

1283 1489 1456 1550 Dum
1500 1491 1766 1570 quidam
1789 1492 2028 1554 vellent
2070 1491 2451 1554 discordiam
2498 1513 2753 1554 movere
2794 1494 2875 1555 de
2917 1500 3106 1567 terra,
3137 1515 3335 1575 quam
3374 1497 3621 1571 Ild(e·

1166 1586 1563 1665 brandus)
1607 1589 1781 1650 Vult.
1823 1608 1920 1668 ep.
1967 1590 2234 1651 dederat
2275 1593 2665 1652 monasterio
2703 1612 2749 1652 s.
2794 1591 3066 1671 Galgani
3109 1594 3275 1654 inter
3299 1594 3619 1656 Ciecinam

1161 1693 1229 1746 et
1271 1684 1593 1758 Sellatem,
1636 1687 1939 1761 dicenteS,
1964 1690 2143 1768 quod
2182 1689 2272 1749 illi
2315 1688 2394 1750 de
2434 1710 2480 1750 s.
2525 1689 2817 1767 Galgano
2857 1698 3161 1768 ceperant
3204 1692 3290 1752 ad
3328 1690 3617 1754 laboran-

1162 1784 1318 1844 dum
1360 1785 1440 1846 de
1484 1789 1654 1846 terra
1694 1793 2084 1861 consortum,
2129 1806 2254 1866 que
2295 1807 2429 1850 non
2471 1796 2610 1849 erat
2652 1789 2732 1848 de
2775 1796 2964 1862 terra,
3010 1809 3206 1867 quam
3235 1791 3324 1850 eis
3351 1790 3621 1851 dederat

1162 1902 1282 1960 ep„
1326 1882 1754 1944 Ildebrandus
1795 1883 2058 1945 consilio
2096 1885 2490 1963 prudentum
2532 1888 2814 1949 virorum
2858 1888 3122 1957 vocavit
3174 1907 3385 1948 coram
3429 1907 3497 1948 se
3538 1894 3614 1949 tt.

1164 1998 1276 2056 per
1296 1978 1844 2057 publicamentum
1871 1980 1955 2042 ad
1985 1983 2483 2046 terrafinandam
2509 1990 2770 2057 terram,
2802 2002 2929 2062 que
2951 1985 3099 2046 olim
3125 1985 3416 2046 fuit-eccl.
3442 1985 3614 2047 Vult.

1163 2075 1363 2136 VIIII
1395 2077 1709 2138 nominati
1741 2083 1817 2138 tt.
1850 2078 2273 2140 ostenderunt
2302 2086 2369 2141 et
2396 2080 2592 2159 pedes
2635 2081 3171 2143 terrefinaverunt
3207 2089 3465 2152 terram,
3495 2101 3619 2160 que

1164 2173 1315 2233 olim
1371 2172 1583 2236 fuerat
1638 2176 1783 2236 eccl.
1829 2164 2024 2237 Vult.
2090 2197 2132 2239 a
2193 2177 2368 2258 Ripa
2425 2197 2617 2257 super
2678 2179 2915 2238 flumen
2976 2177 3248 2251 Sellatis,
3311 2186 3378 2240 et
3438 2181 3619 2258 signa

1044 2292 1048 2298 ·
1162 2272 1301 2332 loco
1343 2270 1761 2335 terminorum
1805 2273 2017 2353 posita
2057 2275 2335 2336 fuerunt.
2422 2275 2600 2336 Fact.
2634 2295 2792 2354 pres.
2826 2283 2892 2336 et
2922 2279 3313 2338 auctoritate
3339 2279 3616 2357 episcopi

1161 2371 1332 2432 sicut
1370 2370 1596 2432 iudicis
1638 2372 1769 2433 ord.
1858 2373 2362 2436 Buonafidantia
2398 2373 2503 2454 qd.
2548 2376 2928 2454 Lampretti.
2961 2375 3207 2436 Uberto
3252 2377 3466 2438 Parisi.
3516 2376 3615 2435 Bi-

1159 2467 1328 2528 folco
1381 2469 1632 2529 civibus
1684 2470 1857 2531 Vult.
1898 2471 2273 2534 Castillione
2327 2473 2431 2552 qd.
2492 2473 2836 2535 Gottifredi
2892 2473 2974 2535 de
3028 2473 3250 2535 Monte
3304 2471 3614 2534 Vultraio.

1163 2565 1428 2627 Yacobo
1469 2568 1792 2629 Asseduti.
1840 2569 2126 2631 Lotterio
2168 2567 2271 2649 qd.
2319 2571 2591 2632 Lotterii
2630 2571 2712 2632 de
2751 2571 2991 2633 Sancto
3047 2572 3446 2634 GeminianO.
3487 2571 3615 2631 Me-

1160 2666 1374 2727 lanese
1413 2667 1763 2727 castellano
1804 2668 1884 2728 de
1935 2669 2254 2730 Bernioni.
2312 2667 2621 2748 Magistro
2665 2668 2919 2742 Pisano,
2961 2671 3101 2730 aliis
3145 2675 3234 2730 tt.·
3319 2666 3614 2731 MCCIII.

1163 2762 1253 2822 VI
1298 2764 1379 2824 id.
1423 2765 1572 2834 ian„
1616 2764 1743 2825 ind.
1789 2764 1937 2826 VII.
2022 2766 2421 2827 Crescentius
2462 2767 2591 2827 ord.
2639 2767 2833 2828 iudex
2875 2774 2941 2827 et
2982 2774 3113 2828 not.

1482 2863 1738 2923 Florenz
1781 2864 1931 2923 Ast.
1982 2864 2167 2938 (Volt.
2214 2864 2375 2925 1203
2415 2865 2454 2924 I
2501 2866 2555 2938 7,
2599 2885 2661 2926 n.
2707 2866 2811 2941 61)
2856 2865 3025 2942 Oriq

1160 3032 1295 3091 260.
1352 3055 1357 3063 ·
2319 3033 2658 3095 Μὶοοίαηο.
2703 3034 2783 3094 17
2823 3035 2956 3095 und
2995 3035 3077 3096 18
3116 3034 3391 3095 Εώηιαν
3429 3034 3607 3095 1204.

1280 3128 1578 3202 MCCIII,
1620 3131 1792 3191 XIII
1835 3074 1957 3191 kal.
2006 3137 2216 3203 mart„
2254 3130 2382 3191 ind.
2428 3130 2574 3191 VII.
2663 3128 2972 3193 Homines
3013 3132 3094 3192 de
3134 3132 3410 3193 Miciano
3450 3134 3617 3193 iura·

1162 3234 1396 3287 verunt
1423 3235 1727 3305 precepta
1766 3227 2148 3289 Rainerii
2187 3229 2269 3289 de
2309 3228 2804 3308 Montespertuli
2844 3230 3057 3291 Vult.
3106 3235 3272 3309 pot.
3319 3231 3454 3290 sive
3495 3230 3618 3291 alie

1160 3331 1290 3402 pot.
1324 3326 1423 3384 vel
1454 3325 1730 3385 rectoris.
1756 3325 2128 3403 Sequuntur
2151 3326 2267 3387 LX
2291 3326 2570 3386 nomina.
2596 3326 3013 3408 Sacramenta
3043 3334 3302 3405 recepta
3328 3328 3395 3389 in
3422 3326 3618 3387 domo

1161 3421 1329 3482 Pieri
1372 3422 1605 3482 Burelli
1648 3424 1712 3482 in
1756 3422 1959 3502 burgo
1987 3422 2067 3483 de
2095 3423 2390 3484 Miciano.
2477 3424 2543 3483 in
2573 3444 2732 3502 pres,
2775 3420 3054 3486 Belforto
3083 3424 3125 3485 f.
3164 3423 3611 3486 Bonafidanze.

1158 3519 1383 3580 Iaferri
1427 3520 1529 3598 qd.
1576 3520 1929 3582 Gerardini.
1970 3521 2270 3581 Rainerio
2299 3521 2340 3582 f.
2372 3521 2686 3583 Albertini
2718 3522 3093 3583 Mariscotti.
3179 3521 3489 3601 Sequenti
3512 3523 3616 3584 die

1162 3618 1319 3680 XVI
1363 3620 1516 3678 item
1562 3618 1955 3688 iuraverunt,
2039 3625 2296 3698 recepta
2337 3621 2402 3679 in
2444 3620 2637 3680 domo
2681 3621 3101 3681 Riccomanni
3155 3622 3218 3681 in
3275 3620 3479 3700 burgo
3534 3621 3615 3682 de

1160 3716 1434 3775 Miciano
1536 3715 1601 3775 in
1644 3735 1801 3794 pres.
1849 3716 2131 3778 Belforte
2172 3716 2214 3778 f.
2260 3715 2712 3780 Bonafidanze.
2761 3715 3101 3778 Baldovini
3143 3718 3222 3778 de
3276 3717 3610 3778 GabrettO.

1162 3813 1442 3874 Rainerii
1485 3813 1526 3874 f.
1573 3813 1889 3874 Albertini
1931 3814 2304 3875 Mariscotti.
2394 3814 2713 3894 Henrigus
2754 3815 2905 3893 imp.
2951 3821 3084 3876 not.

1480 3911 1737 3972 Florenz
1778 3911 1928 3972 Ast.
1978 3912 2163 3987 (Volt.
2209 3912 2370 3972 1203
2410 3911 2493 3972 II
2534 3913 2632 3985 17,
2675 3932 2739 3973 n.
2787 3912 2889 3987 62)
2934 3911 3104 3989 Oriq.

1050 4055 1056 4062 ’
1158 4090 1298 4150 261.
2585 4091 3040 4165 Monteoerbozi,
3084 4090 3167 4152 25
3209 4091 3393 4151 Mam
3433 4090 3610 4151 1204

1276 4186 1609 4259 MCCIIII,
1655 4187 1819 4248 VIII
1862 4186 1984 4247 kal.
2032 4207 2190 4265 apr„
2235 4188 2360 4248 ind.
2405 4188 2551 4250 VII.
2658 4189 2970 4251 Homines
3012 4190 3206 4250 castri
3245 4189 3325 4249 de
3364 4189 3613 4251 Monte·

1156 4280 1415 4356 cerbuli,
1442 4284 1737 4345 LXXIII
1768 4286 2106 4355 nominati,
2136 4286 2511 4346 iuraverunt
2539 4284 3372 4349 salvareVulterranos.
3447 4288 3614 4348 Acta

1304 4472 1343 4536 ¹)
1390 4473 1539 4522 Woh!
1573 4488 1650 4522 an
1685 4472 1779 4521 Ort
1814 4474 1929 4523 und
1967 4474 2128 4524 Stella
2163 4473 2516 4531 beurkundec:
2551 4477 2643 4527 der
2679 4477 2872 4526 Sellate
2921 4476 2992 4526 iet
3040 4478 3132 4526 ein
3168 4476 3486 4534 Nebenfiuos
3519 4477 3612 4527 dee

1157 4563 1360 4612 Ba-heo
1388 4562 1567 4617 Rosci,
1590 4561 1682 4611 der
1705 4562 1770 4611 in
1803 4562 1891 4613 die
1916 4562 2116 4614 Casina
2150 4565 2390 4622 miindet.
2428 4565 2528 4615 dae
2565 4565 2722 4615 Laud
2755 4581 2905 4616 muse
2941 4568 3140 4627 unsern
3175 4566 3267 4616 des
3289 4566 3613 4625 versallenm

1156 4650 1396 4699 Kaste'ls
1432 4649 1737 4711 Ber-iamne
1772 4652 1987 4713 yeleqen
2022 4652 2219 4709 haben:
2254 4654 2342 4703 die
2379 4654 2699 4715 Schenkunq
2736 4654 2828 4703 des
2875 4654 3124 4714 Bischose
3170 4655 3324 4704 selbot
3360 4681 3432 4692 -
3466 4655 3612 4705 ποῖ-Μ

1155 4739 1414 4789 identioch
1449 4740 1546 4788 mit
1584 4754 1637 4788 n.
1666 4742 1770 4791 256
1809 4770 1877 4779 —-
1915 4743 1983 4791 ist
2021 4742 2267 4792 ver-Corsa.
2933 4776 2940 4777 ἡ
