4000 5700
1028 514 1469 569 REGESTUM
1508 513 2190 569 VOLATERRANUM
2766 511 2857 565 29·

380 715 508 774 alio
550 732 713 792 capo
753 714 819 773 in
862 717 1037 773 terra
1077 732 1126 772 s.
1173 710 1534 773 Octabiani.
1634 710 1904 788 Recepit
1957 710 2294 788 episcopus
2349 710 2529 789 petia
2580 711 2646 769 in
2702 709 2859 769 loco-

382 812 705 883 Corrento,
746 809 861 870 ubi
904 808 1096 869 modo
1151 829 1189 869 a
1244 808 1414 867 lama
1469 806 1699 867 Moruli
1740 826 1902 878 voc„
1949 826 2077 867 uno
2118 826 2281 885 capo
2321 813 2500 868 tonet
2549 808 2612 866 in
2670 812 2860 866 terra-

380 928 432 967 S.
477 906 672 978 Petri,
718 925 885 984 quac
928 904 1280 966 Adalbcrto
1327 904 1596 965 obvenit
1639 923 1679 964 a
1720 905 1848 964 Leo
1888 903 1936 964 f.
1982 904 2046 964 b.
2098 923 2182 964 m.
2233 905 2454 965 Manni
2509 910 2577 964 ct,
2635 904 2842 965 Eritio

380 1003 427 1064 f.
474 1003 536 1063 b.
584 1024 667 1065 m.
734 1002 955 1065 Boniti
998 1008 1065 1063 ct·
1120 1022 1159 1060 a
1201 1001 1450 1073 Petrae,
1515 1001 1702 1071 Urso,
1759 1000 2020 1061 Marcho
2075 1020 2175 1080 gg.
2219 1000 2264 1061 f.
2310 1000 2373 1060 b.
2420 1020 2503 1061 m.
2571 1000 2680 1060 Lei
2728 1019 2838 1061 seu

381 1100 692 1173 Johanni,
723 1099 968 1181 Sigitio,
1000 1099 1187 1169 Urso,
1219 1099 1453 1159 Teutio
1478 1116 1582 1178 gg.
1614 1097 1657 1157 f.
1691 1097 1753 1157 b.
1788 1117 1869 1157 m.
1903 1098 2184 1159 Martini.
2229 1098 2332 1158 Ad
2372 1097 2839 1176 providendum

382 1203 791 1259 accesserunt
832 1199 1060 1257 missus
1102 1197 1187 1258 da
1235 1216 1384 1274 pars
1440 1215 1537 1274 cp.
1584 1194 1938 1256 Kamarino
1993 1195 2225 1256 levitas
2280 1201 2347 1256 ot
2404 1196 2860 1256 vice-dominus.

382 1296 428 1355 f.
460 1295 525 1355 b.
557 1315 642 1355 m.
690 1294 962 1356 Evrardi
1004 1313 1150 1354 cum
1177 1293 1689 1362 extimatoribuS,
1723 1291 2047 1353 Lanbcrto
2074 1292 2118 1352 f.
2153 1292 2448 1354 Sialbcrti
2475 1294 2587 1371 qui
2617 1292 2843 1370 Sigitio

386 1412 550 1464 voc„
597 1392 971 1457 Iidibrando
1013 1394 1124 1471 qui
1168 1391 1388 1452 Iiditio
1431 1411 1570 1451 voc.
1614 1391 1660 1451 f.
1707 1390 1768 1451 b.
1815 1412 1899 1451 m.
1946 1392 2225 1464 Raineri,
2271 1390 2644 1452 Ildibrando
2698 1391 2744 1451 f.
2778 1390 2844 1450 b.

389 1511 472 1550 m.
520 1489 821 1550 Ildibaldi
860 1491 974 1568 qui
1016 1489 1239 1549 Ilditio
1277 1508 1416 1549 voc.
1501 1488 1738 1549 Actum
1782 1488 2146 1566 Ulingnano
2192 1488 2514 1549 territurio
2555 1488 2842 1549 Voloter-

386 1608 586 1648 rensc.
650 1587 880 1648 Petrus
901 1607 1001 1665 cp.
1026 1586 1399 1648 Adalberto.
1424 1586 1794 1646 Camerinus
1815 1586 2015 1647 levita
2035 1592 2102 1647 et
2128 1585 2565 1647 vicedominus
2594 1587 2842 1646 missus,

388 1684 715 1746 Lanbcrto
755 1705 818 1764 q.
862 1686 1203 1745 exstimavi
1249 1705 1329 1743 se.
1376 1683 1438 1743 S.
1484 1703 1569 1743 m.
1615 1682 1969 1744 Ildibrandi
2013 1686 2122 1763 qui
2167 1690 2300 1744 ext.
2346 1682 2701 1744 Ildibrandi
2730 1684 2842 1762 qui

390 1782 611 1843 Ilditio
654 1802 792 1843 voc.
838 1785 947 1862 qui
992 1789 1123 1843 ext.
1169 1782 1524 1844 Ildibrandi
1566 1781 1611 1841 f.
1657 1781 1719 1841 b.
1765 1802 1849 1842 m.
1895 1781 2229 1843 Adalberti
2282 1783 2395 1860 qui
2438 1781 2644 1843 Atitio
2702 1800 2842 1841 voc.

389 1886 469 1940 tt.
515 1879 722 1940 Ottdo
750 1886 884 1941 not.
917 1882 1047 1959 inp.
1094 1887 1173 1941 tt.
1205 1879 1513 1959 Siginolfo
1556 1884 1636 1938 tt.
1680 1878 1957 1940 Uuinizo
1998 1885 2079 1938 tt..
2118 1878 2475 1940 Uualbcrto
2502 1885 2584 1939 tt.
2617 1877 2865 1939 Petrus.

389 1977 580 2039 iudex
624 1979 754 2056 inp.
799 1998 879 2039 ss,
966 1976 1330 2038 Gherardus
1370 1983 1506 2037 not.
1551 1978 1679 2054 inp.

720 2074 878 2138 Volt.
925 2076 1162 2137 AVesc.
1205 2096 1254 2136 8.
1287 2075 1352 2136 X
1393 2076 1516 2136 dec.
1549 2075 1589 2137 8
1629 2095 1692 2135 π.
1724 2076 1764 2135 2
1804 2075 1975 2153 Oriq.

391 2273 491 2331 80.
1952 2269 2248 2342 Volterra,
2291 2268 2372 2328 15
2413 2269 2662 2346 Anqust
2704 2266 2844 2327 991.

510 2368 1058 2447 Nongnentosimo
1113 2369 1507 2429 nonoicsimo
1554 2368 1781 2447 prim0,
1825 2367 2058 2428 XVIII
2113 2365 2844 2439 kal.sett.,ind.1111.

391 2469 827 2529 Ansclmus
868 2466 1210 2528 archidiac.
1269 2473 1335 2527 ct
1390 2468 1753 2545 prepositus
1806 2487 1856 2527 s.
1902 2465 2241 2527 Ottabiani
2297 2467 2469 2526 iusta
2526 2465 2755 2525 domus
2795 2484 2844 2524 ε.

394 2569 591 2628 Marie
634 2565 847 2625 Volot.
892 2584 1006 2643 per
1045 2583 1425 2625 consensum
1464 2564 1870 2626 sacerdotum
1914 2585 2056 2625 can.
2098 2563 2374 2625 fratrum
2420 2582 2702 2624 meorum
2736 2582 2844 2623 scu

393 2666 623 2725 levitas
679 2662 890 2741 adque
944 2663 1190 2722 ciratici
1251 2661 1361 2721 lib.
1425 2680 1597 2721 nom.
1660 2662 1746 2722 do
1807 2668 2006 2741 atque
2066 2662 2250 2722 firmo
2313 2662 2479 2723 Urso
2531 2660 2579 2721 f.
2639 2659 2701 2720 b.
2761 2680 2845 2720 m.

392 2761 680 2823 Johanni
719 2766 785 2821 et
827 2758 1179 2819 Lumisscio
1232 2758 1278 2818 f.
1324 2758 1385 2818 b.
1432 2778 1515 2818 m.
1561 2759 1717 2820 Ardi
1757 2760 1935 2838 petia
1981 2759 2062 2819 dc
2121 2765 2287 2819 berra
2343 2763 2615 2839 agresta,
2673 2756 2847 2835 quod

393 2868 492 2922 cst
534 2860 827 2938 stirpem,
870 2863 1197 2918 tenentem
1225 2860 1292 2919 in
1322 2859 1424 2917 via
1469 2860 1757 2938 antiqua,
1788 2858 2053 2930 fossato,
2087 2865 2256 2919 terra
2283 2857 2329 2918 f.
2362 2858 2424 2919 b.
2459 2876 2542 2931 m.
2574 2854 2846 2928 Adolmi,

393 2965 563 3020 terra
584 2978 634 3017 S.
661 2955 1015 3028 octabiani,
1039 2963 1107 3017 et
1126 2957 1370 3034 petiam
1398 2955 1478 3017 dc
1506 2962 1677 3017 terra
1705 2957 1901 3028 culta,
1933 2964 2261 3017 tenentem
2290 2957 2357 3017 in
2383 2956 2648 3027 fossato,
2681 2962 2874 3015 torra-

393 3077 443 3116 ει.
489 3055 847 3128 Ottabiani,
892 3061 1064 3116 terra
1105 3053 1218 3114 filii
1260 3053 1322 3114 b.
1368 3074 1452 3114 m.
1495 3054 1771 3124 Adelmi‚
1813 3054 2007 3115 ambo
2049 3055 2116 3114 in
2158 3056 2478 3126 Con-ente,
2521 3059 2599 3113 ut
2632 3071 2848 3113 casam

396 3153 494 3213 vcl
536 3153 851 3213 cassinum
880 3170 1027 3211 cum
1056 3150 1378 3213 edificium
1406 3150 1680 3224 faciatiS,
1710 3150 1801 3212 ibi
1829 3150 2171 3213 resedeatis
2200 3157 2266 3211 et
2295 3152 2360 3211 in
2388 3150 2537 3212 fest.
2570 3170 2618 3209 S.
2651 3150 2850 3210 Mario

395 3253 462 3312 in
502 3257 736 3330 agusto
763 3249 847 3309 ad
875 3250 1249 3310 canonicam
1271 3248 1538 3309 solvatis
1558 3269 1735 3327 pene.
1765 3268 1897 3328 arg.
1928 3248 2074 3314 den.
2106 3249 2199 3310 VI
2227 3249 2289 3310 b.
2320 3267 2465 3327 exp.
2497 3248 2707 3327 qualis
2735 3266 2852 3325 per

397 3356 595 3427 temp.
639 3366 724 3421 0.;
764 3367 911 3425 pen.
956 3367 1090 3426 arg.
1134 3346 1247 3406 sol.
1280 3346 1432 3406 XX.
1530 3347 1675 3408 Act.
1706 3346 2057 3408 Voloterre.
2160 3347 2467 3408 Ansclmo
2506 3345 2847 3406 archidiac.

396 3467 479 3506 ss,
523 3446 586 3507 S.
619 3465 719 3505 m.·
739 3444 888 3506 Ursi
917 3451 983 3505 et·
1011 3444 1312 3505 Lumisci.
1346 3445 1795 3506 Ermcndricus
1824 3444 2032 3523 presb.
2064 3453 2131 3506 ct
2159 3465 2299 3507 can.
2330 3444 2616 3505 Amclius
2646 3444 2852 3508 <iam

397 3549 708 3606 avocatus
748 3543 1167 3622 episcopus>
1191 3543 1259 3618 ²).
1304 3542 1611 3603 Adelmus
1652 3542 1814 3604 diac.
1845 3549 1913 3604 et
1940 3563 2081 3603 can.
2113 3562 2193 3604 ss.
2224 3542 2582 3604 Uualberto
2611 3547 2691 3601 tt.
2723 3541 2850 3616 R07

396 3640 578 3704 dulfo
618 3640 781 3702 diac.
824 3640 1055 3701 Petrus
1094 3645 1232 3730 not.
1277 3641 1404 3719 inp.
1450 3639 1796 3702 Lamberto
1840 3648 1919 3702 tt.
1965 3661 2047 3701 58.
2132 3640 2496 3702 Gherardus
2535 3646 2672 3702 not.
2719 3641 2849 3718 inp.
2890 3705 2896 3710 ,

728 3737 888 3801 Volt.
932 3738 1154 3818 ACap.
1198 3757 1261 3799 n.
1304 3737 1385 3798 39
1426 3737 1597 3816 Oriq.

398 3936 497 3995 81.
1927 3997 1935 4001 ,
1968 3933 2161 4006 Nera,
2204 3932 2286 3995 28
2325 3933 2672 4011 September
2714 3933 2851 3994 991.

519 4030 1062 4110 Nonogcntosimo
1103 4031 1514 4111 nonogesimo
1554 4031 2060 4111 primm-quarto
2100 4031 2227 4091 kal.
2257 4037 2406 4116 oct„
2439 4031 2570 4092 ind.
2602 4032 2852 4110 quinta.

401 4130 695 4190 Petrus
756 4127 950 4189 iudex
992 4129 1123 4207 inp.
1180 4128 1226 4188 f.
1285 4126 1348 4187 b.
1400 4149 1484 4188 m.
1542 4129 1893 4191 Uuilleradi
1945 4129 2139 4190 iudex
2193 4131 2324 4210 regi
2378 4128 2464 4189 ad
2504 4128 2855 4196 remedium

400 4229 613 4289 anime
655 4227 731 4288 b..
762 4246 847 4288 m.
890 4226 1135 4288 Aifrcdi
1156 4230 1203 4303 ἓ)
1246 4227 1291 4287 f.
1325 4246 1468 4289 meo
1495 4229 1692 4289 offero
1720 4228 1803 4289 ad
1837 4228 2069 4290 ocche.
2101 4227 2443 4290 Octabiani
2476 4226 2644 4288 infra
2674 4241 2884 4289 muro·

400 4325 613 4386 Volot.
657 4324 963 4385 canonica
1006 4342 1221 4385 casam
1263 4316 1330 4384 ct
1370 4326 1687 4404 integram
1716 4331 1952 4386 sortem
1983 4326 2050 4385 in
2082 4325 2478 4405 Pistignan05
2502 4324 2617 4402 qui
2638 4323 2854 4402 Aqua-

403 4423 556 4483 viva
596 4441 758 4494 voc„
802 4420 994 4482 modo
1037 4440 1085 4480 r.
1130 4441 1246 4499 per
1286 4422 1503 4483 Marco
1543 4429 1612 4483 ct
1654 4421 1915 4483 Bonitio
1958 4442 2169 4493 πυῶδες
2214 4442 2359 4500 pen.
2403 4421 2604 4500 dupli.
2707 4420 2854 4480 Act.

549 4638 591 4700 ¹)
626 4637 723 4689 So:
808 4650 821 4661 ⁶
881 4638 925 4700 ¹)
952 4637 1068 4688 Dae
1105 4635 1586 4701 Einqoklammkm
1618 4633 1722 4688 irai:
1759 4639 1984 4700 qleiehaer
2023 4637 2182 4690 Tim
2221 4638 2456 4702 octilqtf
2583 4636 2631 4699 ⁸)
2675 4633 2885 4690 Um-
