4000 5700
1080 498 1524 555 REGESTUM
1561 499 2245 555 VOLATERRANUM
2837 501 2902 554 19

440 594 535 602 .-

434 697 533 775 ὅθ,
1346 693 1759 772 Villamaqna
1799 694 1894 756 bei
1946 694 2243 767 Volcano,
2288 695 2326 755 1
2368 694 2717 773 September
2757 696 2895 758 975.

555 790 718 852 Otto
760 793 890 870 inp.
934 811 993 852 a.
1038 791 1226 864 VIII,
1277 790 1404 852 kal.
1461 797 1650 870 sept„
1694 792 1824 854 ind.
1870 790 2033 853 1111.
2117 791 2406 854 Gundo
2446 793 2899 855 archidiacuno

438 890 764 969 preposito
804 908 855 950 S.
898 888 1244 952 octabiani
1302 890 1472 950 iusta
1524 889 1720 951 domo
1774 890 2097 969 episcopio
2152 909 2202 951 s.
2259 890 2460 951 Marie
2518 889 2729 951 Volot.
2786 910 2901 970 per

435 1005 815 1048 consensum
870 986 1277 1047 sacerdotum
1317 1006 1458 1047 can.
1503 984 1821 1049 iratorum
1850 991 1894 1065 ¹)
1951 1005 2240 1048 meorum
2296 987 2400 1047 lib.
2459 1006 2632 1047 nom.
2691 987 2776 1048 do
2831 994 2900 1050 et

436 1083 621 1145 firmo
677 1082 951 1144 Iohanni
1004 1084 1051 1144 f.
1111 1084 1172 1144 b.
1233 1104 1316 1144 m.
1380 1084 1742 1146 Amalberti
1805 1085 2234 1146 massaritiam
2298 1085 2365 1146 in
2426 1084 2898 1165 Villamangna,

436 1201 485 1242 r.
528 1201 644 1260 per
684 1181 1061 1242 Amalberto
1089 1201 1277 1243 mass.
1310 1188 1377 1242 et
1422 1201 1587 1243 nunc
1630 1201 1745 1260 per
1785 1188 1873 1253 te,
1918 1187 1994 1242 ut
2035 1183 2101 1243 in
2142 1180 2287 1243 fest.
2333 1201 2383 1242 e.
2427 1181 2744 1254 Felicites,
2773 1202 2900 1262 que

432 1285 588 1342 sunt
628 1282 694 1340 in
738 1272 862 1341 kal.
908 1288 1186 1360 augusto
1210 1282 1282 1359 ²),
1325 1281 1537 1341 solvas
1566 1281 1651 1342 ad
1680 1281 1828 1341 eccl.
1861 1287 1932 1342 et
1974 1281 2161 1359 plebe
2201 1301 2250 1341 8.
2296 1280 2612 1353 Felicites,
2644 1280 2758 1342 ubi
2797 1287 2898 1342 est

434 1384 656 1439 nostra
685 1378 1014 1450 canonica,
1045 1398 1221 1456 pens.
1254 1381 1575 1439 arientum
1618 1378 1762 1439 den.
1796 1378 2065 1440 duodeci
2092 1378 2151 1438 b.
2185 1398 2329 1458 exp.
2354 1378 2563 1458 qualis
2583 1398 2697 1457 per
2719 1384 2895 1458 tenp.

433 1494 515 1547 ο.;
546 1494 689 1553 pen.
721 1475 1044 1535 arientum
1072 1476 1186 1538 sol.
1223 1477 1674 1554 quinquainta.
1757 1475 1905 1535 Act.
1942 1475 2400 1556 Villamangna
2437 1494 2636 1555 prope
2665 1475 2814 1536 eccl.
2845 1495 2896 1537 ε.

433 1570 752 1632 Felicitas,
890 1570 1123 1632 Gundo
1164 1592 1246 1632 ss,
1386 1570 1448 1631 S.
1481 1590 1565 1632 m.
1625 1572 1951 1634 Iohannis.
1998 1572 2340 1633 Anselmus
2381 1572 2587 1634 levita
2632 1579 2699 1633 et
2755 1592 2895 1633 can.

434 1669 764 1732 Grasolfus
804 1667 1013 1748 presb.
1058 1676 1124 1730 et
1165 1688 1305 1732 can.
1351 1670 1809 1732 Ermendrious
1866 1670 2073 1750 presb.
2133 1676 2200 1731 et
2248 1676 2494 1731 cantor.
2540 1669 2899 1748 Teupertus

431 1768 641 1848 presb.
684 1777 752 1830 et
792 1788 934 1832 can.
980 1768 1268 1832 Andreas
1310 1768 1517 1848 presb.
1563 1776 1630 1831 et
1672 1790 1813 1832 can.
1857 1770 2163 1832 Albertus
2215 1770 2424 1850 presb.
2470 1775 2537 1830 et
2581 1788 2721 1830 can.
2768 1769 2896 1830 Ro·

428 1865 614 1929 dulfo
642 1867 841 1927 levita
880 1874 947 1927 et-
990 1886 1130 1928 can.
1176 1887 1258 1927 ss.
1304 1867 1365 1930 S.
1413 1887 1497 1929 m.
1545 1866 1974 1928 Uuibbertif.
2022 1866 2083 1928 b.
2129 1888 2214 1929 m.
2259 1866 2612 1929 Uuileradi.
2653 1865 2895 1928 Oddif.

426 1966 849 2044 suprascripti
890 1963 1210 2026 Uuiberti.
1257 1965 1545 2044 Aripaldi
1588 1963 1634 2026 Ξ.
1668 1963 1730 2025 b.
1777 1985 1860 2026 m.
1906 1964 2233 2027 euniberti
2273 1969 2354 2025 tt.
2440 1964 2897 2044 [Raianertus

440 2068 577 2124 nou
620 2083 754 2143 ΠΨ
764 2161 926 2224 Vou.
972 2158 1193 2238 AGap.
1238 2180 1301 2221 n.
1345 2160 1428 2222 25
1468 2159 1640 2238 Orio.

430 2356 538 2418 57.
2120 2354 2418 2428 volterra,
2467 2355 2715 2432 Aaou&
2756 2355 2893 2416 976.

558 2453 719 2515 Otto
761 2454 891 2532 inp.
936 2452 982 2514 f.
1027 2452 1090 2515 b.
1137 2474 1220 2515 m.
1268 2453 1496 2515 Ottoni
1539 2456 1670 2533 inp.
1717 2474 1773 2515 a.
1818 2471 2009 2525 none,
2053 2471 2220 2532 aug„
2264 2444 2394 2512 ind.
2428 2456 2682 2531 quarta.
2767 2451 2894 2513 Pe·

432 2557 619 2612 trus
662 2550 872 2612 Volet.
903 2569 1004 2630 ep.
1036 2550 1221 2611 firmo
1262 2550 1611 2613 Avundino
1640 2570 1702 2629 q.
1735 2550 2022 2631 Inghitio
2050 2569 2188 2612 voc.
2230 2549 2279 2610 Ξ.
2310 2547 2373 2610 b.
2421 2569 2503 2611 m.
2533 2549 2896 2611 Alfridica-

427 2649 639 2710 sinam
682 2667 797 2709 seu
835 2655 1073 2710 sortem
1112 2648 1178 2708 in
1205 2647 1514 2722 Labiano,
1543 2668 1592 2710 r.
1624 2668 1739 2727 per
1763 2647 2107 2710 Amalfridi
2131 2647 2240 2728 qd.
2272 2648 2582 2711 massario
2608 2655 2678 2709 et
2705 2647 2898 2709 modo

438 2765 551 2826 per
592 2746 930 2807 Dominico
974 2765 1185 2819 mass„
1230 2748 1663 2823 pertinentem
1704 2746 1786 2807 de
1825 2745 1976 2807 eccl.
2020 2765 2070 2808 s.
2102 2745 2290 2820 Iusti,
2321 2765 2441 2825 pro
2466 2764 2642 2824 pens.
2680 2764 2899 2807 annua

433 2844 503 2905 in
525 2842 671 2906 fest.
696 2864 745 2904 s.
777 2843 976 2905 Marie
1004 2845 1070 2905 in
1093 2864 1239 2925 aug.
1271 2843 1582 2905 solvenda
1608 2845 1930 2905 arientum
1957 2842 2102 2908 den.
2133 2843 2405 2905 duodeci
2433 2841 2495 2905 b.
2520 2863 2663 2923 exp.
2689 2842 2897 2924 qualis

433 2962 555 3022 per
576 2949 752 3022 tenp.
783 2962 865 3014 ο.;
895 2962 1039 3021 pen.
1071 2961 1205 3023 arg.
1237 2943 1348 3003 sol.
1381 2948 1661 3004 centum.
1746 2942 1893 3003 Act.
1915 2941 2130 3003 Volot.
2215 2941 2447 3004 Petrus
2467 2961 2569 3022 ep.
2599 2962 2682 3003 ss.
2714 2940 2775 3003 S.
2807 2961 2892 3002 m.

428 3039 782 3102 Avundini.
825 3040 1118 3102 Tetberti
1158 3060 1221 3120 q.
1264 3040 1496 3102 Teutio
1524 3058 1663 3101 voc.
1693 3040 1740 3102 Ξ.
1786 3038 1849 3101 b.
1894 3059 1979 3102 m.
2025 3039 2380 3104 Fulceroni.
2418 3038 2728 3101 Lanberti
2753 3039 2800 3101 Ξ.
2830 3038 2892 3101 b.

438 3157 523 3198 m.
549 3135 715 3198 Siitii
738 3140 788 3217 ⁸)
829 3143 910 3198 tt.
955 3138 1189 3200 Petrus
1227 3137 1421 3200 iudex
1462 3139 1595 3218 inp.
1639 3158 1721 3199 ss.
1843 3137 2190 3199 Tetbertus
2230 3143 2368 3200 not.
2412 3143 2482 3199 et
2524 3136 2719 3198 iudex
2759 3138 2891 3217 inp.

426 3235 727 3314 scriptor.

764 3331 924 3394 Vou.
955 3331 1269 3395 AMum‘c.
1306 3332 1563 3410 (Badio)
1602 3331 1777 3409 Ονίο.

428 3525 538 3587 258.
1915 3526 2215 3598 Vultu-ra,
2256 3524 2340 3587 28
2376 3523 2715 3587 November
2753 3524 2891 3587 976.

557 3621 757 3685 Otto
738 3642 867 3704 mp.
885 3621 1262 3705 Ottoniinp.
1278 3624 1322 3686 Ξ.
1337 3645 1399 3686 a.
1421 3625 1691 3699 decime,
1708 3624 2093 3704 quartokal.
2108 3623 2269 3698 dec„
2287 3622 2420 3685 ind.
2442 3624 2661 3684 sexta⁸
2669 3627 2712 3701 ).
2728 3620 2895 3695 Quia

438 3719 801 3783 Rodulfo
827 3740 1042 3784 comes
1079 3722 1125 3784 Ξ.
1174 3722 1239 3784 b.
1283 3743 1367 3784 m.
1411 3722 1722 3785 Gherardi
1749 3723 1905 3784 olim
1933 3741 2149 3783 comes
2172 3720 2488 3801 ⁴)dedisti
2529 3721 2686 3783 mihi
2729 3721 2897 3783 Urso

425 3818 480 3880 Ξ.
523 3818 584 3881 b.
622 3838 709 3880 m.
740 3819 851 3901 Ati
878 3839 1014 3901 arg.
1043 3822 1155 3883 sol.
1189 3822 1441 3902 viginti,
1471 3822 1640 3884 Urso
1666 3822 2068 3901 repromitto,
2099 3820 2276 3899 quod
2302 3838 2637 3900 nunquam
2664 3819 2892 3882 abeam

436 3921 825 3995 potestatem
854 3917 1033 3979 nulla
1058 3918 1479 3999 suptragendi
1502 3919 1549 3995 ⁸)
1576 3918 1659 3980 de
1685 3919 1849 3979 casis
1881 3923 1950 3978 et
1975 3917 2168 3979 rebus
2207 3919 2277 3980 in
2316 3917 2459 3980 loco
2485 3916 2671 3978 Serra
2698 3935 2896 3996 prope

430 4014 697 4084 castello
729 4014 811 4077 de
837 4015 1103 4078 Trimali
1142 4015 1312 4078 infra
1350 4017 1683 4079 iudiciaria
1722 4015 1805 4078 de
1845 4015 2032 4096 plebe
2069 4036 2122 4077 s.
2150 4017 2350 4078 Mario
2377 4017 2508 4077 sito
2533 4014 2893 4086 Sur-seiano,

421 4130 599 4193 quas
638 4111 761 4174 tibi
788 4114 1159 4177 venundavi
1183 4133 1300 4194 per
1325 4115 1577 4177 cartula
1614 4114 1907 4176 Tetberti
1933 4113 2162 4176 iudicis
2199 4119 2271 4175 et
2310 4118 2447 4175 not.
2532 4113 2674 4174 Act.
2705 4113 2892 4174 Volo-

426 4216 623 4273 terre.
705 4210 769 4273 S.
812 4231 900 4273 m.
943 4211 1116 4274 Ursi.
1156 4212 1449 4273 Atitione
1487 4216 1622 4273 not.
1666 4213 1823 4291 imp.
1866 4216 1950 4274 tt.
1993 4230 2077 4272 ss.
2121 4208 2408 4274 Gerardo
2437 4215 2518 4273 tt.
2549 4228 2633 4271 ss.
2664 4209 2920 4274 Petrus

428 4307 629 4374 iudex
669 4309 805 4389 inp.
838 4328 927 4387 ss.
1010 4309 1356 4373 Tetbertus
1395 4315 1543 4386 not.
1577 4315 1645 4370 et
1685 4309 1902 4372 iudex.

761 4406 925 4471 Vou.
969 4407 1209 4472 AVao.
1252 4428 1305 4469 ε.
1334 4406 1402 4469 X
1441 4406 1566 4484 dcc.
1598 4407 1640 4470 8
1676 4427 1743 4469 π.
1774 4408 1813 4470 4
1854 4406 2032 4485 Orio.

579 4622 622 4687 ¹)
660 4640 726 4672 z
751 4623 1007 4675 tram
1154 4623 1200 4690 ¹)
1239 4623 1351 4674 Dor
1388 4625 1437 4676 1.
1470 4624 1690 4687 Aaou
1724 4624 1797 4675 dd
1822 4624 1971 4675 mm
2005 4624 2098 4675 dor
2124 4623 2245 4685 Tay
2267 4620 2363 4674 der
2387 4622 2437 4673 1⁸.
2465 4622 2745 4681 Felicitan.
2770 4636 2900 4674 σοι·

422 4712 570 4763 dm
600 4712 697 4763 du
726 4710 778 4763 Ιι.
805 4710 983 4764 raeuoe.
1130 4710 1176 4775 ⁸)
1211 4711 1303 4765 So.
1447 4711 1493 4780 ⁴)
1530 4713 1653 4764 Aua
1686 4712 1807 4765 dem
1840 4712 2031 4765 Heme
2066 4711 2435 4764 mataras-oa.
