4000 5700
1116 455 1559 556 REGESTUM
1595 454 2283 510 VOLATERRANUM
2822 457 2931 509 263

472 657 608 713 not.
654 650 998 712 Baschiera
1038 650 1287 711 Alberti
1331 652 1412 712 de
1455 650 1631 710 Vult.
1676 650 1928 711 Comite
1970 650 2052 711 de
2106 649 2270 710 Flor.
2319 656 2398 710 tt.
2497 651 2930 713 Bernardinus

473 749 578 829 qd.
622 749 884 828 Ugolini
924 748 1008 810 de
1049 748 1227 811 Vult.
1272 748 1458 809 Fred.
1505 750 1657 826 imp.
1703 755 1839 808 not.
1882 755 1950 808 et
1980 767 2149 807 nunc
2181 751 2595 809 anzianorum
2624 748 2848 811 scriba.

792 846 1057 906 Florenz
1098 844 1249 905 Ast.
1301 845 1484 919 (Volt.
1528 865 1590 904 n.
1636 843 1778 919 889)
1824 843 1993 921 Oriq.
2080 844 2198 904 Ed.
2256 844 2485 907 Cecina
2539 845 2618 906 63
2674 846 2929 906 Anmer-

797 943 967 1022 kunq
1009 943 1049 1003 3
1093 945 1239 1019 (nur
1280 942 1384 1003 ein
1424 941 1663 1019 Stack).

475 1141 611 1205 787.
2036 1137 2330 1211 Volterra,
2377 1140 2414 1198 4
2456 1137 2710 1199 Oktober
2748 1138 2927 1200 1269.

596 1236 1110 1309 MCCLXVHII,
1154 1236 1285 1297 ind
1331 1235 1709 1303 X111,1111
1750 1255 1897 1295 non.
1945 1242 2070 1295 oct.
2169 1236 2747 1296 Bonaccursus
2786 1235 2929 1295 Bel-

473 1339 765 1401 lincionis
806 1336 885 1397 de
927 1334 1097 1396 Flor.
1144 1334 1259 1394 Dei
1304 1340 1370 1394 et
1415 1333 1588 1410 regia
1630 1334 1842 1412 gratia
1880 1334 2096 1394 Vult.
2144 1340 2541 1410 potestate,
2581 1335 2834 1396 anziani
2862 1340 2929 1395 et

473 1436 811 1499 consiliarii
853 1434 1145 1494 fecerunt
1187 1433 1488 1493 Ciardum
1532 1431 1639 1509 qd.
1685 1430 1932 1492 Salvini
1959 1431 2039 1491 de
2068 1431 2307 1492 Sancto
2336 1432 2601 1494 Miniate
2631 1452 2924 1510 procura·

475 1543 680 1597 torem
704 1535 788 1594 ad
811 1531 1304 1612 supplicandum
1329 1529 1361 1589 I
1378 1550 1416 1589 o
1436 1530 1475 1589 h
1493 1550 1530 1589 a
1548 1531 1688 1589 nni
1717 1529 1900 1590 Bric
1917 1536 1999 1588 ta
2017 1529 2138 1589 rdi
2168 1531 2339 1609 regio
2363 1532 2428 1590 in
2442 1529 2676 1591 Tuscia
2692 1531 2930 1590 vicario

474 1632 770 1713 generali,
817 1632 1123 1709 quatinus
1166 1629 1424 1689 comuni
1467 1627 1639 1688 Vult.
1686 1627 2020 1688 confirmet
2063 1629 2127 1687 in
2168 1633 2559 1705 potestatem
2602 1647 2720 1708 pro
2761 1647 2931 1688 anno

477 1730 768 1810 proximo
827 1729 1120 1789 Foresem
1181 1727 1571 1787 Bonaccursi
1635 1725 2042 1787 Bellincionis
2104 1725 2181 1785 de
2238 1724 2424 1799 F1‹›r.;
2484 1727 2538 1785 si
2588 1731 2930 1796 recusaret,

476 1826 774 1887 Stoldum
816 1824 896 1884 de
938 1823 1181 1884 Rubeis
1222 1821 1302 1884 de
1345 1823 1536 1894 Flor.;
1569 1823 1762 1883 tertio
1792 1821 2094 1881 Rubeum
2125 1823 2203 1882 de
2233 1822 2403 1883 Tosa
2428 1822 2508 1883 de
2538 1823 2726 1895 Flor.,
2757 1825 2929 1884 iusta

478 1925 816 2002 antiquam
861 1921 1389 1984 consuetudinem
1430 1927 1499 1981 et
1541 1921 1998 1981 conventiones
2042 1941 2184 1980 cum
2235 1920 2522 1983 Roberto
2549 1922 2628 1983 de
2668 1921 2929 1984 Laveno

475 2023 628 2083 iuris
657 2021 1029 2100 professore,
1060 2019 1438 2091 consiliat-in,
1468 2019 1773 2079 familiari
1810 2024 1877 2078 et
1903 2019 2134 2079 nuntio
2161 2021 2329 2098 regis
2356 2019 2591 2081 Karuli
2617 2027 2684 2081 et
2712 2039 2929 2081 secun-

475 2117 629 2178 dum
675 2123 1065 2196 potestatem
1108 2116 1365 2176 comuni
1392 2121 1838 2176 conservatam
1867 2135 1978 2193 per
2008 2115 2365 2176 Robert-um
2396 2122 2466 2176 et
2494 2124 2931 2178 remanentem

476 2218 544 2276 in
573 2216 884 2276 fidelitate
927 2216 1196 2293 prestita
1239 2213 1527 2274 Roberto
1571 2233 1686 2291 pro
1729 2233 1893 2291 rege,
1939 2216 2179 2293 regina,
2226 2213 2585 2284 heredibu8‚
2636 2221 2710 2274 ut·
2740 2216 2804 2274 in
2834 2215 2925 2273 in·

476 2320 839 2373 strumento
881 2312 1259 2372 Bernardini
1302 2312 1409 2388 qd.
1457 2311 1711 2388 Ugolini
1760 2319 1888 2370 not.
1930 2313 2315 2383 continetun
2349 2320 2415 2371 et·
2445 2312 2529 2370 ad
2558 2311 2929 2389 petendum,

476 2418 555 2471 ut
589 2411 1034 2488 promissiones
1065 2409 1334 2469 Roborti
1361 2409 1678 2482 observet,
1710 2416 1774 2467 et
1807 2409 1887 2469 ad
1917 2409 2426 2488 significandum,
2459 2410 2634 2487 quod
2663 2428 2931 2469 comune

479 2527 591 2586 per
631 2512 1024 2586 potestatem
1071 2513 1329 2566 tantum
1373 2507 1614 2583 regitur
1654 2514 1719 2565 et
1763 2511 2009 2565 rectum
2052 2505 2177 2564 fuit
2222 2507 2347 2566 iam
2392 2505 2638 2565 dudum
2682 2514 2747 2564 et
2806 2524 2932 2563 non

475 2620 590 2684 per
631 2606 1062 2683 capitaneum,
1110 2606 1388 2664 maxime
1429 2609 1777 2683 postquam
1819 2605 2114 2682 pervenit
2157 2602 2241 2662 ad
2296 2603 2675 2663 fidelitatem
2732 2605 2928 2680 regis;

479 2704 532 2763 si
573 2702 982 2774 recusaverit,
1027 2702 1110 2761 ad
1152 2701 1602 2779 appellandum
1670 2702 1752 2761 ad
1813 2721 2045 2781 regem.
2154 2702 2296 2761 Act.
2342 2702 2519 2763 Vult.
2564 2704 2628 2761 in
2691 2700 2936 2779 palatio

479 2802 788 2862 comunis.
892 2798 1123 2860 Forese
1163 2805 1299 2861 not.
1345 2798 1453 2878 qd.
1496 2799 1814 2861 Ubertini.
1873 2798 2189 2862 Baschera
2250 2798 2590 2861 banditore
2645 2799 2934 2860 comunis

479 2906 555 2962 tt.
642 2898 1135 2959 Bartholomeus
1179 2918 1314 2959 voc.
1360 2899 1702 2959 Bai-zethus
1744 2898 1851 2976 qd.
1897 2897 2170 2977 Galgani
2212 2899 2398 2959 Fred.
2445 2899 2598 2977 imp.
2644 2904 2779 2959 not.

799 2997 1062 3057 Florenz
1105 2996 1254 3058 Ast.
1305 2997 1492 3073 (Volt.
1539 3015 1599 3057 n.
1644 2997 1787 3072 890)
1833 2997 2003 3074 Oriq.
2104 2997 2220 3056 Ed.
2266 2997 2499 3060 Cecina
2540 2997 2619 3058 63
2680 2997 2933 3058 Anmer-

802 3095 973 3172 kuny
1016 3096 1054 3155 4
1097 3094 1622 3171 (unwllstcindiy).

484 3290 617 3351 788.
2004 3290 2265 3368 Pistoy'a,
2310 3290 2349 3350 6
2393 3290 2714 3351 Dezember
2754 3290 2932 3352 1269.

602 3387 1015 3447 Iohannes
1060 3385 1445 3448 Britaudi
1491 3386 1687 3458 miles,
1733 3386 2033 3447 dominus
2076 3387 2156 3447 de
2183 3386 2526 3466 NaugeriO,
2560 3389 2834 3449 vicarius
2863 3390 2930 3449 in

479 3486 711 3547 Tuscia
751 3485 1076 3564 generalis»,
1124 3483 1412 3562 publicat
1456 3491 1707 3562 partem
1751 3484 2045 3545 mandati
2090 3486 2383 3545 Karoli
2426 3488 2642 3565 regis
2673 3489 2735 3563 ¹).

803 3584 1065 3644 Florenz
1106 3583 1259 3644 Ast.
1296 3582 1452 3658 (San
1481 3584 1887 3660 Gimiqnano)
1915 3583 2085 3661 Oriy.
2119 3584 2252 3644 San
2283 3583 2662 3661 Gimiqnano
2694 3582 2926 3645 AOom.

799 3680 982 3742 Liber
1022 3680 1280 3741 blancus
1321 3679 1414 3741 80‘
1458 3681 1610 3759 Oop.
1654 3701 1701 3740 3.
1747 3680 1937 3741 XIII
1985 3702 2073 3741 ex.
2156 3681 2304 3759 Req.
2362 3681 2727 3742 David-solen
2781 3681 2933 3742 For-

800 3778 1112 3856 schunqen
1154 3779 1234 3839 II
1276 3778 1398 3839 156
1439 3799 1498 3839 n.
1543 3779 1718 3840 1098.
1763 3782 1883 3841 Cic.
1928 3779 2154 3841 Ficker
2199 3780 2295 3841 IV
2344 3780 2463 3841 467
2506 3801 2565 3840 n.
2612 3780 2747 3841 459.

486 3977 619 4040 789.
1968 3973 2293 4045 §Vener-ra,
2339 3974 2419 4035 29
2458 3975 2714 4034 Jamuzr
2755 3972 2932 4034 1270.

601 4072 766 4133 Cieri
791 4075 835 4148 ²²)
880 4073 959 4132 de
1002 4072 1241 4132 Sancto
1282 4071 1646 4132 Giminiano
1676 4073 1867 4133 iudex
1896 4079 1963 4132 et·
1992 4091 2270 4134 assessor
2298 4078 2365 4132 et
2394 4072 2669 4133 vicarius
2724 4074 2775 4133 V
2794 4092 2829 4130 u
2851 4072 2866 4130 1
2887 4079 2935 4131 t.

481 4177 550 4231 et
591 4171 830 4249 priores
871 4169 1282 4228 antianorum
1325 4189 1470 4229 cum
1513 4168 1899 4248 quibusdam
1955 4170 2237 4229 antianis
2294 4189 2511 4230 coram
2569 4169 2937 4229 Iohanne

484 4266 871 4328 Birtaudi
915 4269 994 4327 de
1039 4266 1372 4345 Rangeyo‚
1408 4268 1647 4327 vicario
1675 4269 1837 4346 regis
1867 4266 2076 4328 Sicilie
2105 4268 2171 4327 in
2198 4266 2429 4326 Tuscia
2458 4265 2754 4348 generali,
2795 4285 2932 4343 pro-

481 4369 853 4444 posuerunt,
898 4366 1207 4440 quatinus
1246 4364 1653 4424 confirmaret
1694 4366 1760 4424 in
1802 4370 2197 4441 potestatem
2244 4364 2535 4423 Fut-esem
2584 4364 2934 4423 Bonacursi

633 4579 674 4644 ¹)
702 4578 845 4627 Oben
883 4594 934 4628 n.
982 4582 1094 4627 732⁸.
1197 4580 1239 4644 ²)
1277 4578 1438 4627 Sonst
1475 4578 1614 4626 auch
1660 4578 1866 4637 Cer-ius,
1911 4581 2044 4629 wohl
2082 4581 2341 4629 &emisch
2371 4581 2467 4628 mit
2493 4580 2682 4630 Cetius
2709 4580 2935 4643 (David-

482 4667 618 4716 eolm
653 4666 1035 4728 Forschunqen
1073 4669 1104 4716 I
1111 4669 1140 4716 I
1179 4684 1230 4717 n.
1277 4671 1410 4718 12⁸3
1439 4667 1742 4718 irrtiimlich
1780 4669 1998 4730 Torius)
2039 4669 2275 4718 Gentilis
2301 4687 2403 4718 aas
2429 4669 2547 4718 San
2586 4670 2928 4731 Gimiqnano.
