4000 5700
1109 525 1553 582 REGESTUM
1591 527 2275 583 VOLATERRANUM
2816 528 2916 582 191

461 725 600 784 556.
2063 724 2340 795 Florem,
2383 723 2461 785 11
2510 723 2701 802 April
2743 723 2917 786 1237.

583 821 881 883 Potestas
941 821 1111 883 Flor.
1176 821 1520 883 denuntiat
1582 821 1850 901 syndico
1911 828 1979 883 et
2042 822 2570 884 ambaxatoribus
2631 822 2921 883 comunis

462 920 700 992 Vult.,
747 927 822 981 ut
861 921 1313 999 respondeant,
1357 920 1411 980 si
1454 917 1656 981 velint
1697 926 1869 982 stare
1904 919 2026 981 sub
2055 940 2174 981 suo
2199 920 2433 982 iudicio
2460 920 2542 981 de
2569 922 2923 998 potestaria

463 1018 1006 1098 Ripomarrancie.

782 1116 1043 1179 Florem
1084 1115 1238 1178 Ast.
1285 1116 1477 1193 (Volt.
1522 1137 1587 1177 n.
1633 1116 1776 1192 432)
1819 1116 1993 1194 Oriq.
2080 1115 2197 1179 Ed.
2242 1117 2502 1179 Santini
2543 1117 2693 1177 Doc.
2740 1117 2876 1178 436.

463 1350 600 1413 557.
2051 1348 2336 1420 Florem,
2380 1349 2458 1409 11
2502 1347 2697 1426 April
2736 1347 2917 1410 1237.

583 1441 880 1509 Potestas
922 1445 1090 1509 Flor.
1152 1445 1422 1508 mandat
1479 1446 1755 1527 quedam
1815 1445 2084 1525 syndico
2139 1445 2427 1507 comunis
2485 1445 2696 1507 Vult.
2742 1466 2918 1506 occa-

461 1543 637 1606 sione
679 1544 992 1607 discordie
1036 1564 1179 1605 cum
1224 1542 1483 1605 comuni
1523 1542 1812 1604 Sancti
1855 1542 2341 1606 Geminiani.

780 1642 1042 1704 Florem
1085 1641 1237 1703 Ast.
1288 1640 1475 1718 <Volt.
1522 1661 1584 1702 π.
1632 1641 1775 1718 423)
1821 1640 1993 1718 Oriq.
2078 1641 2197 1703 Ed.
2241 1641 2500 1703 Sontini
2541 1642 2692 1703 Doc.
2738 1642 2876 1702 437.

462 1873 602 1935 558.
1752 1873 1892 1934 San
1933 1872 2333 1949 Gimiqmno,
2376 1873 2458 1934 14
2499 1872 2695 1951 April
2735 1874 2914 1935 1237.

579 1971 878 2033 Potestas
932 1976 1000 2031 et
1063 1969 1404 2031 consiliarii
1465 1968 1756 2031 Sancti
1815 1968 2285 2033 Geminiani
2346 1976 2792 2050 protestantur
2853 1992 2920 2033 sc

472 2069 715 2131 nullam
746 2068 1103 2130 ‘novitatem
1133 2067 1357 2129 fecisse
1397 2069 1466 2133 in
1508 2069 1736 2130 castris
1775 2068 2017 2130 Montis
2059 2067 2371 2133 Vultrarii
2395 2077 2462 2130 et
2487 2069 2914 2131 Montistinio·

459 2166 577 2228 soli
606 2173 756 2245 post
796 2167 1059 2229 laudum
1101 2167 1445 2245 potestatis
1486 2165 1651 2228 Flor.

781 2264 1040 2325 Florem
1081 2263 1236 2324 Ast.
1284 2263 1375 2340 (S.
1423 2263 1611 2341 Gim.)
1655 2264 1827 2340 Oriq.
1909 2263 2029 2324 Ed.
2073 2262 2333 2326 Scantini
2372 2264 2523 2326 Doc.
2568 2265 2706 2326 438.

465 2498 602 2558 559.
2040 2494 2332 2564 Voltcrra,
2377 2495 2459 2556 25
2500 2494 2694 2572 April
2734 2494 2916 2556 1237.

581 2593 815 2656 Consul
859 2601 927 2654 et
969 2592 1300 2654 consilium
1343 2590 1561 2655 Vult.
1607 2591 2019 2655 constituunt
2060 2598 2499 2669 procuratores
2543 2593 2623 2653 ad
2662 2612 2917 2671 respon·

460 2693 743 2754 dendum
788 2691 1101 2771 potestati
1141 2689 1306 2752 Flor.
1353 2690 1433 2751 de
1474 2692 1830 2769 potestaria
1871 2689 2427 2767 Ripammarance.

781 2789 1045 2851 Florem
1088 2788 1243 2850 Ast.
1291 2786 1479 2864 (Volt.
1522 2808 1584 2848 n.
1629 2787 1774 2866 434)
1819 2786 1992 2866 Oriq.
2076 2786 2195 2847 Ed.
2240 2787 2501 2851 Sontini
2538 2788 2691 2850 Doc.
2736 2788 2874 2851 439.

466 3023 602 3084 560
2043 3017 2334 3088 Volterra,
2378 3019 2458 3080 25
2503 3018 2695 3097 April
2734 3019 2916 3082 1237.

580 3118 813 3181 Consul
867 3123 936 3179 et
989 3116 1322 3180 consilium
1378 3115 1594 3178 Vult.
1655 3116 2069 3178 constituunt
2122 3123 2567 3195 procuratores
2621 3116 2706 3177 ad
2761 3119 2913 3179 reci-

460 3217 766 3297 piendum
808 3213 1290 3295 promissionem
1335 3213 1680 3294 potestatis
1722 3213 1890 3274 Flor.
1935 3214 2018 3274 de
2058 3233 2191 3276 non
2232 3213 2452 3275 dando
2496 3212 2760 3275 ulterius
2805 3214 2914 3275 ali-

464 3335 653 3396 quem
694 3315 774 3376 de
815 3313 984 3374 Flor.
1029 3315 1095 3374 in
1138 3318 1529 3393 potestatem
1575 3313 1768 3373 castri
1814 3311 2354 3391 Ripammarance
2383 3312 2482 3372 vel
2514 3310 2785 3373 aliorum
2814 3332 2916 3373 ca-

459 3419 738 3476 strorum
779 3412 858 3474 de
903 3411 1283 3474 montaneis.

778 3510 1039 3572 Florem.
1083 3508 1234 3570 Ast.
1281 3507 1469 3586 (Volt.
1515 3529 1579 3570 n.
1625 3508 1769 3585 435)
1814 3507 1987 3586 Orio.
2071 3507 2188 3568 Ed.
2233 3508 2495 3570 Sontini
2534 3508 2685 3570 Doc.
2731 3508 2865 3571 440.

464 3737 600 3796 561.
2046 3729 2329 3801 Volterra,
2373 3730 2455 3791 28
2496 3729 2688 3807 April
2726 3730 2906 3792 1237.

579 3830 884 3894 Consules
926 3851 998 3893 ac
1042 3837 1390 3910 utrumque
1430 3826 1763 3890 consilium
1789 3826 2006 3889 Vult.
2039 3829 2448 3890 constituunt
2475 3833 2916 3907 procuratores

463 3931 529 3992 in
569 3928 795 4002 causiS‚
842 3949 1003 4010 quas
1047 3926 1290 3989 habent
1330 3946 1476 3987 oum
1520 3944 1792 3986 comune
1834 3923 2127 3986 Sancti
2167 3925 2653 3988 Geminiani.

786 4026 1041 4089 Florem
1082 4024 1235 4085 Ast.
1295 4022 1486 4103 (Volt.
1529 4043 1593 4084 n.
1638 4009 1782 4100 436)
1827 4021 1998 4100 Oriq.
2096 4022 2215 4084 Ed.
2258 4022 2518 4085 Santini
2575 4023 2728 4084 Doc.
2773 4023 2915 4088 440.

462 4254 601 4315 562
2140 4244 2417 4315 Florem,
2467 4245 2502 4305 7
2543 4244 2690 4307 Mai
2731 4246 2912 4307 1237.

581 4349 878 4411 Potestas
933 4346 1099 4409 Flor.
1142 4345 1439 4429 {precipit
1501 4344 1784 4424 syndicis
1846 4343 2220 4404 comunium
2265 4342 2475 4404 Volt.
2519 4349 2587 4405 et
2628 4342 2916 4405 Sancti

461 4446 945 4518 Geminiani,
990 4453 1064 4507 ut
1105 4444 1232 4508 sibi
1273 4463 1499 4524 paoem
1542 4441 1817 4504 reddant
1859 4440 1938 4500 de
1982 4440 2229 4501 iniuriis
2270 4438 2501 4513 illatis3
2545 4439 2660 4519 qui
2697 4439 2794 4500 ita
2820 4438 2913 4500 fa-

461 4546 663 4608 munt
781 4641 1041 4703 Florem
1086 4639 1235 4701 Ast.
1284 4639 1469 4719 (Volt.
1515 4659 1578 4700 n.
1624 4637 1761 4699 437.
1805 4636 1951 4712 438)
1993 4635 2140 4697 zwei
2181 4634 2395 4713 Oriw.
2492 4633 2609 4696 Ed.
2654 4634 2915 4697 Sontini

782 4740 930 4803 Doc.
976 4740 1117 4802 441.
1161 4738 1297 4800 443.
