4000 5700
1108 495 1114 499 ’
1196 490 1300 544 182
1835 491 2282 548 REGESTUM
2319 492 3009 549 voLATERRANUM

1193 702 1330 749 r'am
1372 686 1454 747 de
1473 686 1734 750 Casulis.
1820 686 2112 749 Ballione
2137 694 2207 750 et
2233 687 2680 752 Ildibrandino
2705 695 2788 752 tt.
2873 710 3095 752 omnes
3124 710 3316 771 super
3342 692 3644 768 turribus,

1191 787 1508 860 domibus,
1554 789 1806 868 plateis,
1848 788 2148 851 casalinis
2187 790 2255 850 in
2296 808 2552 851 cassato
2584 791 2824 852 Montis
2852 776 3180 852 Vultrarii.
3267 792 3461 864 Pena,
3491 791 3647 864 1000,

1193 887 1298 949 die
1339 887 1549 949 dictis.
1633 887 1955 950 Iohannes
1996 893 2172 950 auct.
2216 890 2372 970 imp.
2416 889 2563 950 aule
2603 897 2742 952 not.

1516 985 1778 1047 Florem
1823 984 1975 1048 Ast.
2021 985 2181 1062 (San
2223 987 2630 1065 Gimiqncmo)
2675 987 2849 1066 Oria.

1196 1221 1335 1280 521.
2631 1218 2920 1289 Volterm.
2964 1219 3043 1281 11
3085 1221 3434 1299 September
3472 1222 3650 1284 1235.

1316 1315 1766 1386 MOEXXXV.
1810 1315 1943 1377 ind.
1986 1316 2212 1389 VIIII,
2256 1317 2363 1379 III
2407 1317 2493 1377 id.
2537 1322 2701 1395 sept.
2786 1317 3156 1397 Capitulum
3186 1319 3388 1392 Vult„
3416 1321 3657 1382 seilicet

1197 1416 1594 1478 Lanfrancus
1635 1414 2005 1487 archidiac„
2058 1417 2361 1493 magister
2417 1414 2794 1488 Brocardus‚
2856 1415 3260 1487 Thalomeus‚
3321 1417 3654 1482 Ranerius.

1195 1511 1585 1584 Tancredus,
1642 1511 2050 1592 Luteringus,
2107 1510 2413 1585 Ubertus,
2472 1513 2927 1575 constituimus
2981 1511 3350 1576 Octolinum
3404 1535 3654 1577 cumea-

1198 1611 1499 1674 nonicum
1542 1615 2023 1690 procuratorem
2065 1610 2151 1671 ad
2179 1610 2629 1690 inquirendum
2673 1613 3169 1691 Pag(anum)
3215 1613 3393 1675 Vult.
3423 1633 3546 1693 ep..
3578 1634 3658 1675 ne

1197 1710 1491 1789 pignoret
1535 1707 1640 1768 vel
1682 1704 1916 1768 alienet
1955 1708 2094 1768 sive
2135 1708 2603 1769 concessionem
2652 1708 2747 1769 vel
2805 1708 3273 1789 comandigiam
3328 1709 3531 1771 faciat
3581 1709 3659 1771 de

1198 1807 1701 1887 possessionibus
1761 1807 2172 1886 episcopatus
2240 1808 2374 1868 sine
2441 1806 2751 1885 parabola
2817 1806 3085 1886 capituli
3144 1814 3212 1868 et
3276 1829 3355 1870 ne
3417 1810 3658 1889 aliquid

1198 1905 1376 1967 aliud
1414 1906 1636 1979 faciat,
1679 1904 1856 1984 quod
1895 1904 1977 1966 de
2017 1906 2153 1966 iure
2196 1925 2343 1967 cum
2384 1903 2670 1984 capitulo
2711 1905 2921 1967 facere
2962 1911 3252 1977 tenetur;
3296 1913 3373 1968 ut
3414 1907 3546 1987 ipse
3575 1911 3661 1969 sit

1200 2023 1348 2065 cum
1390 2002 1676 2083 capitulo
1717 2002 1801 2065 ad
1840 2001 2207 2065 faciendum
2250 2002 2656 2063 concordiam
2699 2022 2846 2064 cum
2894 2004 3155 2065 comuni
3209 2006 3408 2075 Vult„
3452 2012 3521 2066 et
3575 2007 3661 2068 ad

1199 2101 1656 2180 adpellandum
1699 2099 1784 2161 ad
1826 2118 2085 2179 papam,
2130 2120 2209 2161 ne
2251 2120 2350 2180 ep.
2395 2120 2512 2178 pro
2552 2100 2744 2162 dictis
2784 2102 3297 2163 excommunicet
3326 2103 3426 2164 vel
3471 2105 3661 2165 inter-

1202 2199 1377 2261 dicat
1407 2197 1782 2277 capitulum.
1870 2196 2014 2259 Act.
2046 2197 2223 2259 Vult.
2254 2199 2324 2259 in
2349 2197 2629 2259 claustro
2657 2198 2961 2260 canonice
2989 2218 3038 2257 s.
3070 2199 3288 2259 Marie.
3377 2200 3663 2262 Iohanne

1202 2298 1427 2359 clerico
1448 2297 1558 2376 qd.
1591 2295 1897 2358 Ruffaldi.
1929 2295 2214 2357 Arnoldo
2244 2293 2470 2357 clerico
2499 2296 2608 2375 qd.
2640 2296 2867 2358 Donizi
2889 2302 2970 2357 tt.
3057 2296 3459 2360 Benintende
3486 2306 3644 2360 auct

1202 2397 1355 2476 imp.
1402 2401 1536 2457 not.

1523 2492 1785 2554 Florem
1828 2490 1981 2553 Ast.
2030 2491 2225 2569 (Vou.
2255 2511 2318 2552 π.
2362 2492 2508 2569 374)
2553 2491 2726 2569 Oriq.

1207 2730 1344 2791 522.
2629 2725 2923 2796 volterra,
2968 2726 3049 2788 26
3088 2726 3437 2804 September
3476 2727 3659 2789 1236.

1328 2826 1778 2900 MCCXXXV,
1804 2825 1934 2888 ind.
1959 2823 2184 2898 VIIII,
2208 2823 2303 2888 VI
2324 2823 2452 2886 kal.
2484 2831 2610 2886 oct.
2691 2824 2776 2885 Fi
2795 2823 2814 2884 l
2831 2825 3026 2904 ippu
3043 2844 3072 2884 s
3100 2823 3413 2886 Sinibaldi
3442 2825 3663 2888 Vult.

1207 2945 1304 3006 po
1321 2932 1444 2987 tes
1461 2932 1590 2987 tas
1618 2944 1763 2985 cum
1792 2923 2004 2984 forma
2029 2921 2273 2983 consilii
2301 2922 2595 3000 specialis
2623 2928 2692 2983 et
2717 2922 3029 3003 generalis
3056 2922 3211 2984 fecit
3235 2921 3487 3002 publice
3509 2923 3666 2985 ban·

1206 3024 1326 3085 diri
1369 3042 1477 3102 pet
1509 3021 2092 3101 Ild(ebrandinum)
2123 3020 2425 3081 nuntium
2455 3020 2762 3093 comunis,
2794 3026 2871 3081 ut
2899 3039 3120 3081 omnes
3146 3018 3406 3081 ecclesie
3432 3026 3500 3081 et
3527 3019 3670 3084 loca

1212 3120 1600 3184 venerabilia
1639 3121 2050 3201 episcopatus
2092 3116 2270 3181 Vult.
2315 3119 2446 3179 sint
2489 3117 2670 3178 salva
2711 3137 2827 3196 per
2879 3137 3102 3180 omnes
3155 3117 3445 3178 homines
3486 3120 3664 3181 Vult.

1208 3223 1353 3282 Act.
1402 3218 1465 3282 in
1506 3220 1775 3282 civitate
1817 3219 1884 3280 in
1910 3222 2118 3298 prat0.
2204 3216 2597 3279 Bontalento
2626 3222 2693 3276 et
2723 3215 3033 3277 Benbono
3062 3222 3197 3276 not.
3224 3221 3305 3276 tt.
3390 3215 3667 3277 Iacobus

1212 3319 1536 3380 Mannecti
1575 3319 1731 3396 imp.
1776 3315 1919 3378 aule
1956 3322 2093 3377 not.

1530 3416 1794 3477 Florem
1838 3414 1989 3477 Ast.
2038 3414 2232 3494 (Vou.
2262 3435 2328 3475 n.
2356 3412 2503 3492 376)
2547 3412 2720 3490 Oriq.

1213 3614 1350 3674 523.
2746 3609 3024 3679 Florem,
3069 3609 3147 3671 21
3189 3608 3446 3670 Oktober
3484 3609 3667 3670 1236.

1339 3713 1632 3773 Potestas
1671 3717 1740 3771 et
1783 3708 2283 3772 ambasciatores
2336 3708 2554 3770 Vult.
2612 3707 2841 3768 dicunt
2881 3727 2947 3767 se
2990 3706 3150 3768 velle
3192 3705 3450 3768 obedire-
3491 3726 3667 3772 man·

1212 3810 1385 3872 datis
1426 3809 1769 3888 potes-fatis
1824 3813 1893 3868 et
1945 3808 2237 3870 comunis
2293 3805 2460 3867 Flor.
2504 3806 2584 3866 de
2636 3824 2865 3887 guerra
2920 3824 3035 3866 sua
3096 3824 3243 3866 cum
3290 3805 3670 3866 comunibus

1215 3906 1502 3969 Sancti
1556 3905 2014 3969 Geminiani
2067 3909 2134 3965 et
2174 3904 2255 3964 de
2309 3903 2547 3966 Colle.

1534 4004 1801 4066 norem.
1840 4002 1997 4065 Ast.
2043 4002 2237 4081 (Vou.
2281 4023 2343 4064 n.
2373 4003 2520 4081 376)
2549 4002 2725 4080 Orio.
2808 4000 2927 4062 Ed.
2957 4000 3218 4063 samm·
3247 4000 3397 4063 υοο.
3428 4000 3566 4063 418.

1217 4230 1355 4290 524.
2749 4224 3025 4295 Florem,
3070 4224 3152 4286 26
3192 4222 3449 4286 Oktober
3486 4223 3667 4286 1236.

1339 4326 1636 4387 Potestas
1678 4324 1845 4385 Flor.
1891 4325 2175 4404 precepit
2223 4323 2661 4402 potestatibus
2713 4328 2781 4384 et
2836 4321 3412 4385 ambasciatoribus
3453 4321 3668 4385 Vult.

1218 4431 1287 4487 et
1325 4425 1613 4486 Sancti
1666 4422 2158 4496 Geminiani,
2199 4427 2277 4483 ut
2318 4429 2610 4503 treguam
2650 4423 2820 4482 inter
2858 4440 2924 4482 se
2966 4420 3053 4482 ad
3091 4419 3220 4481 kal.
3263 4420 3393 4482 ian.
3419 4419 3668 4481 firmam

1222 4526 1506 4583 teneant.

1540 4618 1800 4680 Florem
1843 4618 1994 4680 Ast.
2029 4617 2218 4697 (Volt.
2247 4637 2313 4679 π.
2342 4617 2488 4697 376)
2532 4617 2703 4696 Θήρ.
2789 4617 2885 4679 Ib.
2925 4616 3076 4679 Ast.
3121 4616 3216 4695 (S.
3261 4615 3424 4679 Gim.
3466 4635 3532 4678 π.
3566 4614 3670 4691 38)

1541 4714 1714 4792 Oriq.
1797 4715 1913 4778 Ed.
1958 4716 2218 4778 Samim‘
2259 4716 2409 4778 Doc.
2452 4715 2591 4778 419.
