4000 5700
1071 535 1514 590 REGESTUM
1552 536 1997 592 VOLATERR
2008 539 2241 592 ANUM
2776 543 2882 594 285

2770 636 2879 643 ..μ-

421 731 502 791 de
523 730 1047 804 Cavalcantibus,
1069 732 1361 795 fecerunt
1381 752 1528 793 cum
1552 738 1762 794 castro
1777 733 2082 796 demoliri.
2104 738 2557 814 Deprecamur,
2573 739 2883 816 quatinus

420 830 503 890 de
544 829 844 907 dampnis
884 838 953 890 et
993 831 1240 891 iniuriis
1284 831 1649 891 satisfacere
1692 832 1920 893 velitis.
2008 833 2158 894 Dat.
2202 833 2370 895 Flor.
2415 834 2475 896 V
2501 835 2632 909 iul.,
2663 835 2720 896 V
2749 835 2877 896 ind.

542 926 716 988 XIII
760 946 903 1007 aug.
1008 926 1172 989 Flor.
1199 948 1389 1008 super
1417 929 1659 1007 palatio
1689 931 1993 990 comunis.
2079 930 2587 994 Chierimbaldus
2612 933 2881 994 nuntius

423 1026 710 1087 comunis
753 1026 975 1086 retulit
1016 1046 1082 1086 se
1124 1028 1372 1088 dedisse
1412 1027 1661 1088 litteras
1701 1028 1895 1088 iudici
1939 1035 2007 1087 et
2061 1030 2359 1090 assessori
2400 1029 2576 1091 Vult.
2635 1041 2704 1091 et
2749 1050 2881 1092 non

422 1122 721 1184 habuisse
763 1123 1254 1201 responsionem.
1340 1123 1736 1185 Guillielmus
1781 1124 2262 1207 Bernaldissnot.

741 1219 1001 1280 Florenz
1047 1219 1198 1281 Ast.
1233 1220 1420 1298 (Volt.
1450 1220 1612 1282 1277
1658 1221 1789 1283 VII
1832 1222 1890 1294 5,
1932 1242 1996 1283 n.
2040 1221 2225 1295 1024)
2271 1224 2679 1301 qleiclizeitiqe
2721 1225 2876 1302 Cop.

746 1320 786 1393 (‘
810 1337 890 1378 ex
927 1318 1192 1394 registro
1234 1320 1523 1378 comunis
1564 1318 1734 1380 Flor.
1777 1319 2391 1401 aQDMCCLXXVlI,
2435 1321 2566 1382 ind.
2612 1323 2669 1384 V
2697 1323 2763 1399 ’).

420 1514 560 1587 843.
2023 1514 2237 1585 Siena,
2280 1516 2362 1576 20
2402 1516 2655 1593 Anqust
2695 1517 2874 1577 1277.

538 1610 1050 1681 MCCLXXVII,
1097 1612 1224 1672 ind.
1278 1611 1353 1683 V,
1400 1610 1575 1671 XIII
1628 1610 1754 1671 kal.
1798 1618 1961 1689 sept.
2058 1612 2397 1674 Talomeus
2452 1614 2564 1692 qui
2619 1612 2878 1675 Scoczia

422 1728 557 1770 voc.
601 1710 760 1769 civis
804 1708 945 1770 Seu.
989 1708 1032 1768 f
1077 1711 1183 1787 qd.
1228 1708 1502 1769 Renaldi
1544 1708 1762 1769 Iacobi
1799 1709 1880 1770 de
1909 1708 2243 1779 TalomeiS,
2273 1710 2563 1772 infirmus
2593 1729 2874 1789 corpore,

419 1826 613 1867 sanus
654 1814 869 1867 mente
909 1807 1117 1885 presb.
1149 1806 1428 1867 Salvano
1456 1826 1593 1868 can.
1625 1826 1673 1867 s.
1703 1805 2081 1869 christofori
2110 1806 2276 1879 Sen.,
2307 1810 2701 1886 procuratori
2735 1808 2876 1871 Ra-

422 1905 631 1966 nerii
672 1924 770 1983 ep.
793 1904 993 1973 Vult„
1023 1906 1269 1965 remisit
1297 1905 1436 1964 iura
1464 1910 1532 1964 et
1561 1906 1845 1966 actiones
1874 1911 2100 1965 contra
2121 1925 2217 1983 ep.
2248 1926 2367 1986 pro
2387 1911 2572 1984 parte
2602 1905 2875 1980 Scoczie,

419 2002 568 2079 licet
608 2002 872 2071 incerta,
914 2002 995 2061 de
1032 2001 1253 2062 debito
1281 2001 1688 2062 MMMMMM
1715 2022 1907 2062 marc.
1940 2023 2094 2081 arg„
2127 2003 2191 2062 in
2223 2022 2351 2080 quo
2378 2003 2694 2064 Ranerius
2724 2006 2875 2064 olim

419 2099 594 2161 Vult.
637 2100 878 2161 electus
919 2106 1058 2160 erat
1100 2098 1424 2179 obligatus
1466 2101 1897 2170 Bartalomeo‚
1941 2101 2153 2169 Petro,
2198 2101 2492 2162 Renaldo
2532 2101 2575 2161 f.
2609 2101 2713 2179 qd.
2745 2101 2873 2162 Cri·

419 2197 660 2259 stofani
701 2197 920 2258 Iacobi
961 2202 1029 2258 et
1070 2197 1356 2277 Henrigo
1399 2202 1465 2258 et
1504 2198 1758 2258 Andree
1786 2196 2008 2258 Iacobi
2035 2204 2101 2258 et
2131 2198 2415 2259 Orlando
2449 2204 2517 2259 et
2546 2198 2875 2259 Bonifatio

421 2294 525 2372 qd.
571 2296 980 2375 Bonsignoris
1022 2314 1134 2355 seu
1176 2296 1474 2356 societati
1517 2295 1690 2355 Petri
1718 2300 1786 2354 et
1812 2297 2106 2355 societati
2136 2296 2409 2357 filiorum
2439 2295 2870 2374 BonsignoriS,

421 2394 577 2454 item
618 2392 698 2453 de
728 2391 949 2453 debito
976 2393 1056 2453 de
1085 2412 1337 2453 summa
1367 2393 1634 2472 triginta
1663 2393 1912 2453 milium
1939 2394 2366 2454 ducentarum
2393 2394 2501 2454 lib.
2533 2393 2678 2454 den.
2710 2393 2873 2463 Sen.,

420 2492 491 2554 in
529 2490 763 2570 quibus
803 2489 1043 2551 electus
1083 2492 1173 2552 eis
1215 2491 1536 2568 obligatus
1577 2491 1720 2561 fuit,
1766 2511 1846 2550 ex
1888 2490 2123 2568 quibus
2165 2511 2312 2553 cum
2368 2491 2453 2552 ad
2498 2493 2875 2553 societatem

421 2587 672 2649 Scoczie
714 2587 853 2649 XII
895 2589 1071 2649 milia
1112 2588 1664 2650 CCCCLXXXVI
1707 2588 1813 2649 lib.
1846 2589 1910 2649 X
1938 2589 2051 2650 sol.
2083 2590 2468 2666 pertineant,
2499 2608 2646 2668 pars
2677 2589 2875 2667 ipsius

420 2692 520 2747 est
561 2686 889 2767 vigesima;
935 2706 1258 2747 cassarum
1301 2694 1367 2745 et
1407 2686 1914 2764 argentifodinas
1954 2686 2037 2747 de
2072 2687 2387 2747 Monterio
2415 2686 2734 2766 obligatas
2766 2686 2875 2746 ab·

418 2783 629 2844 solvit.
682 2782 744 2844 Si
804 2784 888 2842 ad
942 2783 1398 2843 alienationem
1453 2782 1769 2843 bonorum
1824 2785 2231 2864 episcopatus
2286 2803 2653 2864 processum
2709 2790 2875 2844 esset

419 2883 750 2943 occasione
791 2880 1112 2942 dictorum
1154 2881 1538 2952 debitorum,
1585 2884 1684 2942 ius
1725 2884 1792 2942 in
1833 2883 1987 2961 ipsis
2029 2882 2212 2943 bonis
2256 2882 2590 2943 transtulit
2634 2884 2699 2942 in
2745 2884 2874 2960 epi-

419 2999 702 3060 scopum.
748 2978 887 3038 Hec
926 2979 1101 3052 fecit,
1147 2981 1299 3060 quia
1339 2985 1723 3057 computata
1763 2980 1936 3041 omni
1976 2981 2295 3042 solutione
2335 2981 2456 3043 sibi
2497 2982 2746 3061 integre
2777 3001 2875 3041 sa·

419 3076 752 3137 tisfactum
793 3081 908 3136 est.
1009 3076 1154 3136 Act.
1199 3075 1396 3137 Senis.
1493 3076 1827 3137 Fratribus
1884 3077 2217 3138 Leonardo
2272 3078 2351 3139 de
2405 3077 2751 3138 Glauciano
2810 3083 2876 3137 et

419 3174 685 3255 Agnello
725 3173 806 3234 de
848 3173 1260 3234 Podiobonizi
1305 3174 1434 3234 ord.
1480 3174 1632 3236 Min.
1675 3174 2038 3235 Cristofano
2081 3176 2183 3253 qd.
2230 3175 2504 3236 Renaldi
2559 3175 2639 3237 de
2681 3175 2871 3235 Talo-

421 3274 577 3335 meis
619 3278 697 3334 tt.
782 3273 995 3333 Guido
1035 3271 1299 3333 Rubeus
1328 3274 1370 3348 ¹)
1416 3273 1521 3350 qd.
1565 3272 1786 3333 Iannis
1828 3274 2023 3334 iudex
2066 3280 2134 3334 et
2175 3280 2307 3334 not.

748 3371 907 3431 Volt.
951 3370 1192 3430 AVesc.
1235 3390 1283 3430 3.
1328 3369 1517 3429 XIII
1559 3369 1682 3430 dec.
1729 3369 1769 3431 8
1807 3391 1871 3430 n.
1917 3370 1998 3431 60
2040 3371 2212 3449 Oriq.

419 3569 555 3627 844.
1221 3579 1226 3586 '
1960 3564 2236 3634 F'lorenz,
2279 3565 2361 3626 23
2404 3563 2651 3640 Auqust
2691 3564 2870 3625 1277.

540 3664 780 3726 Gentili
820 3664 900 3724 de
945 3663 1431 3725 Bondelmontis
1472 3665 1803 3743 potestati,
1848 3662 2131 3734 consili0,
2176 3663 2431 3724 comuni
2490 3661 2704 3721 Vult.
2757 3661 2872 3722 Pe·

417 3768 556 3824 trus
599 3761 1089 3824 Gonfalonerius
1128 3761 1336 3841 regius
1376 3762 1674 3835 vicarius,
1715 3760 2046 3822 Conradus
2087 3761 2167 3820 de
2202 3759 2455 3820 Palatio
2495 3761 2875 3838 capitaneus

421 3880 627 3922 masse
668 3860 871 3940 partis
913 3859 1308 3930 Guelforum‚
1352 3859 1509 3931 XII,
1554 3859 1890 3919 consilium
1916 3864 1984 3918 et
2011 3877 2281 3918 comune
2309 3856 2474 3918 Flor.
2560 3856 2722 3918 Cum
2756 3857 2871 3917 du-

417 3958 575 4019 dum
615 3957 701 4019 ad
743 3956 1121 4019 instantiam
1166 3956 1464 4018 Guiducii
1505 3961 1572 4016 et
1614 3956 1863 4016 Bettini
1901 3956 1944 4016 f.
1989 3957 2096 4034 qd.
2140 3955 2329 4016 Ianni
2382 3954 2603 4014 Iacobi
2646 3953 2871 4015 Caval-

417 4058 626 4116 cantis
664 4055 1072 4116 nobilitatem
1115 4056 1396 4120 vestram
1443 4055 1855 4124 oraverimus,
1884 4058 1961 4113 ut
1987 4054 2253 4114 domum
2282 4056 2347 4112 et
2377 4052 2624 4130 plateas
2651 4069 2873 4112 eorum

419 4155 486 4216 in
523 4153 746 4215 Monte
786 4153 1137 4225 VulteraiO,
1182 4172 1307 4230 que
1348 4152 1609 4212 fuerunt
1650 4151 1963 4213 Sinibaldi
1989 4151 2417 4221 Cavalcantis,
2446 4149 2871 4209 restitueretis

419 4271 565 4314 cum
603 4252 1047 4313 satisfactione
1086 4251 1535 4329 dampnorum,
1577 4250 1979 4327 requirimus,
2005 4249 2313 4326 quatinus
2352 4266 2569 4325 preces
2612 4252 2868 4307 nostras

417 4350 627 4412 velitis
668 4351 989 4411 exaudire.
1075 4348 1223 4410 Dat.
1268 4348 1433 4409 Flor.
1518 4346 1762 4408 XXIII
1803 4366 1967 4426 aug„
2013 4346 2073 4408 V
2112 4346 2243 4407 ind.

534 4447 629 4510 VI
671 4452 834 4526 sept.
919 4447 1062 4507 Act.
1104 4466 1296 4526 super
1333 4446 1582 4525 palatio
1609 4445 1898 4506 comunis
1925 4443 2091 4505 Flor.
2175 4443 2442 4505 Casinus
2469 4442 2739 4503 nuntius
2770 4461 2870 4503 co·
2958 4447 2963 4453 ’

562 4663 605 4727 ¹)
644 4663 806 4712 Sonat
842 4661 1025 4712 Guido
1064 4662 1275 4718 Ianuis,
1314 4661 1406 4710 der
1441 4661 1562 4718 alte,
1612 4660 1743 4711 oben
1791 4658 2062 4720 mehrsach
2110 4663 2374 4720 qenzmnte
2432 4657 2869 4707 Familiennotar

415 4753 508 4802 der
545 4752 797 4801 Tolomei.
