4000 5700
1115 519 1227 572 284
1765 514 2142 568 REGESTL
2147 515 2207 566 M
2248 515 2295 567 V
2301 514 2477 569 OLA
2480 514 2930 567 PERRANUM

1115 712 1205 773 ibi
1252 729 1369 789 pro
1412 729 1589 788 pens.
1638 729 1855 770 annua
1913 708 2122 770 XIIII
2170 708 2302 781 sol.;
2368 728 2509 787 pen.
2574 707 2766 776 XXV
2830 708 2938 769 lib.
2995 707 3139 768 den.
3198 708 3323 769 Pis.
3448 711 3577 770 Act-

1119 809 1411 871 Monteri.
1493 809 1678 869 Piero
1719 808 1993 885 plebano
2022 808 2103 867 (16
2131 806 2426 868 01661166.
2458 806 2775 868 Ricovero
2802 808 3128 885 preposito
3154 805 3482 868 Castilano
3509 815 3578 868 et

1119 908 1481 969 Borristoro
1521 906 1604 967 (16
1645 905 1926 967 Cluslino
1955 911 2033 965 tt.
2119 904 2627 974 MOCLXXVII,
2672 905 2801 965 ind.
2850 905 2925 975 V,
2973 904 3142 965 XXI
3170 905 3339 965 maii.
3426 905 3573 965 Nic·

1118 1004 1379 1065 cholaus
1420 1003 1572 1064 olim
1602 1002 1798 1062 Gucci
1826 1002 1906 1062 de
1934 1001 2174 1063 Sancto
2203 1001 2581 1063 Geminiano
2610 1001 2801 1063 iudex
2830 1002 2964 1067 ord.
2995 1021 3075 1062 ex
3102 1001 3575 1063 imbreviaturis

1118 1101 1339 1162 Iacobi
1379 1107 1514 1162 not.
1558 1101 1712 1162 olim
1757 1101 2015 1161 Posche.

1449 1198 1600 1260 Volt.
1649 1199 1886 1259 AVesc.
1931 1217 1982 1259 6.
2013 1197 2204 1257 XIII
2230 1198 2354 1258 dec.
2388 1198 2427 1259 8
2452 1217 2515 1257 n.
2549 1198 2630 1259 56
2658 1198 2830 1275 Oriq.
2862 1197 3044 1259 Liber
3064 1199 3308 1260 iuriam
3332 1197 3429 1258 17'
3469 1200 3571 1258 cit.

1119 1394 1256 1452 840.
2700 1393 3020 1461 Montieri,
3065 1393 3144 1453 16
3183 1393 3350 1453 Jum'
3392 1393 3572 1454 1277.

1241 1490 1706 1569 Raynerius
1749 1489 1921 1550 Vult.
1967 1510 2089 1568 ep„
2133 1510 2280 1550 cum
2326 1489 2628 1551 Albertus
2670 1498 3033 1551 antecessor
3062 1490 3408 1551 Lamberto
3437 1497 3571 1552 not.

1116 1588 1160 1648 f.
1206 1588 1310 1665 qd.
1358 1588 1569 1649 Bracii
1609 1588 1689 1648 dc
1731 1588 1970 1650 Sancto
2014 1590 2395 1649 Geminiano
2438 1591 2683 1666 petium
2724 1596 2890 1648 terre
2931 1589 2997 1648 in
3039 1590 3337 1650 districtu
3380 1590 3575 1649 castri

1117 1685 1199 1746 de
1238 1684 1469 1746 Leccia
1506 1687 1914 1763 episcopatus
1955 1685 2133 1745 Vult.
2179 1686 2350 1747 ultra
2390 1687 2689 1747 Corniam
2732 1688 2800 1747 in
2838 1686 2976 1746 loco
3019 1706 3058 1746 a
3105 1685 3281 1765 Lago
3324 1705 3573 1747 conces-

1118 1785 1271 1844 serit
1312 1802 1428 1860 pro
1472 1803 1646 1860 pens.
1694 1782 1830 1844 XII
1871 1782 2017 1843 den.
2066 1785 2209 1853 Pis,
2255 1791 2332 1843 ut
2374 1791 2633 1845 constat
2673 1784 3107 1845 instrumento
3137 1782 3574 1844 Ildebrandini

1119 1882 1268 1942 olim
1321 1881 1635 1943 Gherardi
1688 1889 1847 1953 not„
1907 1881 2291 1944 locationem
2347 1882 2817 1944 confirmamus.
2960 1882 3101 1942 Act.
3154 1882 3453 1943 Monterii
3510 1883 3577 1941 in

1118 1980 1312 2039 domo
1356 1978 1632 2040 Renaldi
1685 1978 2064 2059 Bongianni.
2201 1979 2468 2041 Alberto
2523 1980 2799 2058 plebano
2860 1981 2938 2040 de
2993 1978 3305 2041 Gerfalco.
3365 1979 3577 2040 Bindo

1122 2076 1447 2155 Hugolini.
1493 2076 1827 2139 Bartolino
1867 2077 1975 2156 qd.
2022 2077 2285 2137 Gerardi
2330 2079 2411 2138 de
2455 2078 2743 2157 Pighino.
2787 2078 2967 2139 Tano
3010 2077 3255 2138 Alberti
3282 2076 3364 2139 de
3404 2076 3572 2137 Flor.

1121 2181 1200 2236 tt.
1304 2175 1813 2248 MGCLXXVII,
1858 2176 1990 2237 ind.
2037 2176 2114 2245 V,
2158 2175 2321 2236 XVI
2357 2177 2485 2236 iun.
2571 2176 2847 2237 Iacobus
2876 2176 2980 2255 qd.
3016 2177 3201 2254 Lippi
3228 2176 3308 2236 de
3336 2175 3577 2237 Sancto

1120 2274 1499 2334 Geminiano
1543 2275 1735 2335 iudex
1777 2274 1910 2335 ord.
1954 2293 2035 2334 ex
2081 2274 2553 2335 imbreviaturis
2596 2274 2813 2336 Iacobi
2858 2274 2963 2353 qd.
3010 2274 3252 2335 Posche
3291 2281 3425 2335 not.

1449 2372 1604 2432 Volt.
1662 2373 1888 2433 AVesc.
1929 2392 1977 2432 6.
2014 2371 2200 2431 XIII
2228 2372 2354 2432 dec.
2387 2373 2427 2431 8
2466 2393 2527 2431 n.
2558 2374 2637 2433 57
2680 2372 2852 2449 Oriq.
2885 2372 3067 2434 Liber
3095 2374 3335 2433 iuriam
3364 2373 3446 2431 15
3471 2374 3573 2432 cit.

1123 2568 1259 2626 841.
2699 2569 3020 2640 Monticri,
3064 2568 3146 2629 20
3183 2568 3352 2628 Jum'
3393 2568 3574 2628 1277.

1240 2664 1748 2735 MCCLXXVII,
1789 2665 1919 2725 ind.
1944 2666 2021 2737 V,
2047 2666 2220 2725 XX
2205 2685 2334 2725 iun
2420 2665 2782 2744 Raynerl
2807 2685 2888 2725 us
2929 2686 3025 2743 ep.
3059 2666 3233 2725 Vult.
3266 2664 3577 2725 Iacobum

1121 2768 1431 2822 rectorem
1472 2763 1619 2822 6661.
1665 2782 1711 2822 6.
1759 2763 1995 2822 Donati
2042 2763 2244 2840 plebis
2286 2762 2506 2823 Sancti
2542 2761 2923 2833 Geminiani,
2957 2762 3335 2821 familiarem
3364 2781 3575 2833 suum,

1120 2859 1460 2919 constituit
1501 2861 1587 2919 ad
1627 2859 2112 2937 gubernandam
2145 2860 2476 2920 abbatiam
2505 2859 2585 2918 de
2617 2859 2802 2919 Elmi.
2886 2860 3033 2919 Act.
3076 2858 3389 2919 Monterii.
3467 2858 3575 2918 Al·

1119 2954 1305 3016 berto
1346 2955 1620 3034 plebano
1661 2958 1742 3017 de
1784 2957 2077 3018 Gerfalco
2121 2964 2187 3018 et
2229 2958 2602 3018 Primerano
2630 2957 2905 3034 plebano
2932 2957 3013 3017 de
3044 2957 3580 3036 Ripamarrancia

1120 3058 1198 3111 tt.
1283 3053 1557 3115 Iacobus
1599 3054 1842 3116 Posche
1884 3055 1966 3115 de
2009 3055 2246 3116 Sancto
2288 3055 2669 3116 Geminiano
2711 3055 2904 3115 iudex
2948 3061 3013 3115 et
3054 3063 3187 3115 not.

1449 3151 1601 3213 Volt.
1646 3152 1886 3214 AVesc.
1931 3172 1980 3213 6.
2027 3152 2215 3214 XIII
2256 3153 2378 3213 dec.
2422 3152 2463 3212 8
2502 3173 2564 3212 n.
2611 3152 2691 3212 54
2721 3153 2859 3229 (aus
2885 3151 3181 3229 qleichem
3208 3153 3576 3230 Perqament

1441 3250 1554 3310 wie
1593 3270 1657 3311 n.
1702 3250 1867 3327 836).

1124 3448 1261 3506 842.
2228 3448 2506 3521 Florem,
2552 3448 2591 3507 5
2631 3448 2777 3508 Juli
2818 3447 2951 3508 und
2989 3448 3071 3508 13
3112 3449 3361 3524 August
3393 3447 3575 3509 1277.

1242 3544 1561 3606 Gentili
1633 3547 1714 3607 de
1791 3546 2370 3608 Bondelmontibus
2448 3547 2895 3624 potestati,
2973 3545 3254 3619 consilio,
3318 3548 3577 3606 comuni

1122 3642 1336 3702 Vult.
1381 3644 1611 3704 Petrus
1655 3643 2145 3704 Gonfalonerius
2185 3645 2395 3723 regius
2436 3645 2711 3705 vicarius
2740 3646 2804 3720 ¹),
2849 3644 3180 3705 Conradus
3214 3644 3295 3704 (16
3324 3644 3579 3704 Palatio

1122 3742 1497 3818 capitaneus
1547 3760 1753 3803 masse
1801 3743 2004 3820 partis
2055 3741 2448 3814 Guelforum‚
2496 3741 2653 3813 XII,
2697 3743 3052 3812 consilium,
3097 3761 3368 3803 comune
3408 3741 3574 3802 Flor.

1123 3837 1339 3897 Nostri
1384 3839 1553 3900 cives
1594 3838 1808 3899 Guido
1847 3847 1915 3899 et
1957 3839 2260 3899 Bettinus
2301 3839 2532 3899 fratres
2560 3838 2672 3899 filii
2701 3839 2807 3917 qd.
2838 3837 3073 3900 Gianni
3102 3838 3323 3900 Iacobi
3353 3839 3576 3902 Caval-

1123 3934 1330 3994 cantis
1359 3943 1829 4014 proposuerunt
1855 3937 2245 4016 frequenter,
2275 3936 2451 4014 quod
2481 3935 2652 4008 olim,
2686 3943 2993 4014 tempore,
3026 3956 3155 4014 quo
3184 3955 3436 3997 eramus
3464 3956 3579 4014 per

1121 4033 1451 4095 rebellium
1505 4035 1932 4112 proditionem
1992 4033 2078 4094 ab
2133 4035 2277 4094 cccl.
2324 4034 2618 4094 Romane
2661 4032 3174 4113 persecutoribus
3228 4034 3581 4095 honoribus

1122 4132 1397 4210 spoliati,
1442 4152 1712 4193 comune
1754 4133 1928 4194 Vult.
1972 4133 2239 4192 domum
2280 4132 2579 4203 fratrum,
2624 4153 2821 4212 quam
2863 4153 3009 4193 6661
3050 4132 3304 4193 duabus
3348 4133 3579 4210 plateis

1119 4230 1450 4290 habebant
1493 4233 1558 4291 in
1599 4239 1811 4292 castro
1853 4232 2091 4292 Montis
2124 4232 2399 4292 Vultraii
2441 4251 2521 4291 ex
2563 4232 2958 4292 successione
3001 4230 3217 4310 patrui
3266 4230 3580 4292 Sinibaldi

1269 4467 1309 4530 ἱ)
1350 4467 1510 4516 Siehe
1548 4468 1648 4516 das
1688 4474 1702 4495 ‘
1730 4467 2069 4516 Verzeichnis
2118 4467 2211 4517 der
2247 4467 2505 4516 Konsuln
2541 4467 2656 4516 und
2696 4467 3018 4516 Podeetatcn
3056 4481 3160 4516 von
3196 4462 3455 4516 Florem’
3494 4465 3582 4516 bei

1126 4555 1183 4604 Ο.
1224 4556 1472 4618 Hartwiq
1511 4556 1731 4616 Qualem
1780 4556 1894 4605 und
1943 4556 2331 4619 Forechunqen
2371 4571 2467 4605 zur
2504 4556 2726 4605 dltcsten
2765 4554 3068 4605 Gcschichtc
3106 4570 3211 4605 von
3247 4554 3471 4604 Florem.
3506 4555 3581 4604 II

1129 4646 1252 4692 005³.-
1295 4650 1309 4671 ‘
1330 4643 1383 4694 d.
1424 4645 1625 4693 Petrus
1662 4644 2096 4695 Gonfalonerius
2127 4644 2170 4695 f.
2213 4646 2306 4708 qd.
2346 4645 2400 4696 d.
2442 4646 2755 4709 Arrighetti
2781 4644 3165 4694 Gonfalonerii
3191 4645 3311 4693 sive
3335 4643 3406 4693 de
3431 4641 3582 4694 Gon·

1125 4733 1408 4783 faloneriis
1447 4735 1517 4782 (16
1559 4736 1750 4783 Brixia
1789 4751 1890 4799 pro
1929 4751 1979 4785 a.
2020 4736 2244 4799 incepto
2281 4735 2390 4785 kal.
2433 4736 2540 4784 ian.
2588 4733 2754 4783 12715’
2804 4735 2940 4796 (also
2986 4735 3164 4798 1277).
