4000 5700
1213 500 1318 553 322
1850 499 2301 555 REGESTUM
2339 499 3029 555 VOLATERRANUM

1211 696 1410 758 cionis
1449 697 1676 775 prioris
1717 716 1764 756 s.
1809 695 2247 757 Bartholomei
2290 696 2369 756 de
2410 695 2682 775 Fighino
2738 696 2943 756 Fesul.
3001 696 3163 756 dioc.
3221 714 3387 774 pape
3442 695 3650 755 iudicis

1212 792 1484 872 delegati
1524 795 1690 855 inter
1730 793 2082 856 Ranerium
2124 792 2501 854 Bellindotis
2531 799 2945 855 mercatorem
2976 792 3139 855 Flor.
3170 802 3237 853 et
3277 794 3477 854 socios
3503 795 3543 868 ¹)
3583 813 3649 853 ac

1217 890 1777 968 (Rainerium)
1820 911 1916 970 ep.
1969 890 2143 951 Vult.
2275 890 2935 964 MCCLXXXVIIII,
2980 890 3110 951 ind.
3169 890 3293 959 ΙΙΙ,
3351 890 3453 951 die
3506 892 3654 951 iovis

1216 987 1324 1048 III
1367 1009 1512 1049 nov.
1598 989 1878 1049 Thomas
1922 988 2358 1050 Ildebrandini
2402 995 2777 1067 procurator
2808 987 3095 1050 Rainetii
3127 996 3421 1066 presente
3463 987 3659 1049 Orcho

1216 1093 1624 1166 procuratore
1667 1085 1926 1148 Ranerii
1967 1085 2343 1148 Bellindotis
2387 1085 2661 1164 Rogerio
2702 1106 2831 1147 non
2861 1087 3183 1147 consentit
3210 1087 3274 1144 in
3304 1086 3569 1147 iudicem
3595 1092 3653 1145 et

1216 1184 1381 1265 petit
1409 1185 1659 1262 copiam
1701 1182 2239 1263 subdole-gationis
2280 1184 2479 1261 ipsius
2520 1189 2588 1244 et
2630 1184 2920 1263 rescripti
2946 1183 3194 1263 papalis
3223 1183 3309 1243 ad
3338 1184 3651 1261 Uguiccio·

1216 1301 1383 1343 nem.
1440 1281 1753 1361 Rogerius
1796 1283 2138 1343 terminum
2183 1301 2322 1342 cras
2362 1283 2619 1354 statuit,
2664 1300 2854 1360 quem
2909 1281 3188 1343 Thomas
3227 1301 3357 1342 non
3414 1284 3650 1359 recepit

1215 1380 1335 1441 Die
1385 1381 1629 1441 veneris
1685 1379 1828 1441 IIII
1884 1400 2030 1441 nov.
2115 1379 2649 1459 Comparentibus
2703 1400 2914 1442 coram
2978 1380 3261 1457 Rogerio
3302 1380 3548 1441 Thoma
3596 1386 3654 1439 et

1219 1478 1455 1540 Alfano
1492 1479 1574 1539 de
1615 1477 1862 1540 Alfanis
1887 1478 1934 1556 ¹)
1977 1485 2388 1557 procuratore
2430 1477 2828 1543 Bellindotis.
2875 1477 3190 1557 Roget-ius
3250 1480 3486 1541 statuit
3543 1484 3651 1537 ter-

1219 1577 1463 1637 minum
1509 1576 1635 1637 XV
1675 1577 1923 1638 dierum
1964 1576 2207 1638 Thome
2250 1576 2336 1637 ad
2374 1577 2782 1655 exceptiones
2824 1581 3047 1637 contra
3089 1581 3265 1651 se,et
3291 1575 3653 1655 rescriptum

1221 1674 1469 1754 papale,
1512 1674 1749 1736 Alfano
1789 1676 1876 1738 ad
1913 1675 2321 1753 exceptiones
2361 1679 2591 1735 contra
2629 1693 2695 1734 se
2724 1683 2792 1733 et
2819 1673 3170 1745 Thomam;
3217 1674 3471 1734 interim
3510 1674 3655 1733 acci-

1215 1775 1402 1852 piant
1436 1774 1706 1852 copiam,
1737 1774 1793 1833 si
1819 1772 2160 1833 videbitur.
2205 1772 2488 1832 Thomas
2518 1774 2859 1833 terminum
2906 1792 3035 1834 non
3078 1772 3337 1851 recepit,
3366 1790 3511 1832 eum
3540 1790 3657 1831 non

1217 1871 1594 1931 consentiat.
1654 1872 1890 1931 Gianni
1928 1871 2034 1948 qd.
2081 1869 2247 1929 Pieri
2288 1870 2480 1930 iudex
2525 1870 2655 1930 ord.

1540 1970 1692 2030 Volt.
1741 1969 1977 2030 AVesc.
2023 1988 2071 2029 8.
2115 1969 2303 2029 XIII
2346 1970 2464 2029 dec.
2511 1969 2591 2028 10
2631 1990 2691 2028 n..
2737 1968 2818 2028 35
2859 1968 3028 2045 Oriq.

1218 2166 1354 2225 947.
1706 2160 1712 2165 ⁴
2674 2165 2952 2236 Florem,
2998 2164 3079 2224 10
3124 2163 3456 2224 November
3495 2162 3657 2224 1289.

1337 2263 1651 2323 Tomasus
1691 2270 1823 2323 not.
1869 2263 1973 2341 qd.
2020 2262 2447 2323 Ildibrandini
2474 2272 2853 2341 procurator
2893 2262 3070 2340 Ray
3086 2263 3298 2323 nerii
3338 2282 3436 2341 ep.
3474 2261 3659 2332 Vult„

1218 2379 1364 2420 cum
1427 2379 1640 2420 coram
1706 2358 2029 2439 Ruggerio
2092 2380 2227 2420 can.
2290 2358 2455 2420 Flor.
2515 2358 2931 2438 subdelegato
2986 2359 3393 2437 Uguiccionis
3449 2360 3660 2439 prioris

1220 2478 1267 2518 s,
1311 2452 1750 2518 Bartholomei
1790 2458 1869 2517 de
1909 2456 2180 2535 Fighino
2208 2457 2486 2536 delegati
2515 2457 2679 2518 sedis
2709 2477 2808 2536 ap.
2839 2458 2906 2517 in
2933 2476 3145 2529 causa,
3177 2476 3371 2535 quam
3410 2463 3661 2516 movent

1225 2537 1497 2619 Iacobus
1541 2555 1811 2615 Gilberti
1863 2562 1930 2615 et
1992 2554 2306 2615 Ranerius
2338 2548 2763 2623 'Bellindotis,
2829 2555 3079 2633 copiam
3137 2553 3661 2632 subdelegationis

1219 2652 1519 2731 petissem
1544 2658 1610 2712 et
1637 2653 1691 2712 is
1716 2671 1862 2712 eam
1888 2652 2284 2729 denegasset,
2316 2651 2567 2730 appello
2613 2650 2692 2712 ad
2736 2671 2836 2729 ap.
2869 2649 3099 2710 sedem.
3185 2650 3325 2710 Act.
3356 2648 3661 2710 Florentio

1224 2750 1292 2811 in
1330 2750 1609 2809 claustro
1651 2750 1953 2810 canonice
1996 2768 2043 2809 s.
2090 2748 2415 2826 Riparate.
2500 2747 2821 2827 Ruggerio
2863 2754 2930 2808 et
2976 2748 3336 2809 Montuccio
3377 2746 3485 2826 qd.
3524 2746 3661 2806 Bar·

1225 2847 1358 2909 tali.
1403 2846 1649 2909 Sciorta
1688 2847 1938 2908 Fortini
1985 2846 2066 2907 de
2106 2846 2279 2907 Vult.
2338 2846 2598 2908 Chelino
2655 2845 2759 2924 qd.
2819 2845 3188 2907 Vescontinj
3242 2844 3323 2907 de
3378 2843 3550 2908 Vult.
3595 2851 3659 2905 tt.

1229 2944 1872 3015 MCCLXXXVIIII‚
1934 2945 2065 3006 ind.
2130 2944 2257 3017 ΙΙΙ,
2318 2945 2421 3005 die
2482 2946 2644 3006 iovis
2708 2945 2771 3004 X
2829 2965 2973 3005 nov.
3101 2944 3517 3005 Ildibrandus
3567 2943 3661 3021 qd.

1228 3042 1454 3121 Cambi
1492 3050 1625 3106 not.
3006 3123 3013 3130 ,

1552 3135 1704 3202 Vol't.
1753 3141 1989 3203 AVesc.
2036 3160 2081 3200 e.
2127 3139 2313 3200 XIII
2356 3139 2476 3199 dec.
2523 3138 2563 3199 9
2603 3160 2664 3199 π.
2710 3139 2789 3199 69
2832 3138 3002 3215 Oriq.

1225 3337 1361 3398 948.
2790 3335 2965 3407 Rom,
3010 3336 3088 3396 21
3134 3336 3459 3397 Dezember
3500 3334 3661 3397 1289.

1344 3431 1741 3493 Nicolaus
1785 3431 1887 3494 IV
1934 3433 2322 3510 (Carrocino)
2366 3434 2690 3512 preposito
2734 3433 2879 3494 eccl.
2914 3434 2996 3493 de
3025 3433 3270 3502 Casulis
3296 3440 3363 3494 et
3405 3433 3666 3513 plebano

1225 3530 1304 3590 de
1336 3531 1711 3602 Quarazano
1738 3529 1911 3590 Vult.
1935 3537 2005 3591 et
2023 3530 2174 3590 Luc.
2199 3531 2359 3591 dioc.
2384 3539 2451 3591 et
2481 3530 2711 3593 Guelfo
2739 3530 3095 3610 Mat-supini
3115 3549 3252 3591 can.
3276 3530 3425 3592 ecel.
3451 3550 3497 3591 s.
3513 3530 3663 3590 Lau·

1227 3629 1417 3688 rentii
1436 3627 1598 3687 Flor.
1671 3626 1951 3687 Nuntiat
1978 3627 2376 3706 Raynerium
2396 3647 2493 3707 ep.
2519 3628 2693 3688 Vult.
2723 3627 2959 3707 petisse
2986 3646 3027 3687 a
3056 3626 3328 3705 Rogerio
3350 3647 3489 3689 can.
3514 3625 3662 3687 Flor.

1224 3725 1641 3804 subdelegato
1684 3724 2139 3802 (Uguiccionis)
2184 3726 2410 3805 prioris
2452 3746 2496 3786 S.
2543 3726 2979 3787 Bartholomei
3021 3726 3100 3789 de
3130 3725 3431 3787 Ficehino
3472 3724 3664 3786 Fesul.

1226 3825 1385 3885 dioc.
1430 3825 1496 3883 in
1538 3842 1732 3883 causa
1772 3823 2080 3902 Raynerii
2120 3829 2343 3884 contra>
2373 3823 2685 3884 Iacobum
2715 3822 2982 3883 Gilberti
3015 3831 3077 3883 et
3112 3822 3506 3901 Raynerium
3538 3820 3663 3882 Bel·

1227 3923 1486 3983 lindotis
1528 3928 1908 3990 mercatores
1951 3922 2114 3982 Flor.
2160 3924 2405 4000 copiam
2457 3923 2815 3984 litterarum
2862 3941 2983 4000 ap.;
3031 3922 3205 3999 quod
3233 3941 3381 3982 cum
3410 3922 3665 3999 denega·

1229 4027 1369 4082 tum
1411 4027 1593 4093 esset,
1643 4021 1723 4081 ad
1765 4019 1981 4081 sedem
2010 4040 2112 4099 ap.
2144 4018 2510 4099 appellasse.
2542 4020 2830 4090 Mandat,
2864 4020 3170 4098 quatinus
3200 4020 3405 4081 usuris
3432 4038 3663 4080 cessan-

1373 4281 1412 4344 ')
1450 4280 1606 4329 Siehe
1644 4280 1774 4330 oben
1812 4297 1862 4329 n.
1904 4282 2023 4330 915.
2196 4282 2239 4344 ε)
2279 4282 2471 4331 Die-ser
2507 4297 2619 4331 war
2654 4282 2747 4330 ein
2785 4280 3045 4343 Mitqlied
3082 4282 3175 4330 der
3211 4280 3552 4342 Gudlechaft
3584 4279 3667 4327 Az-

1233 4371 1359 4430 jam'
1395 4371 1457 4418 in
1494 4371 1740 4426 Florenz;
1781 4370 2064 4431 verqleiche
2116 4371 2243 4420 iiber
2289 4371 2366 4420 sie
2418 4371 2583 4432 (ἶσοι-9
2634 4369 2926 4420 Schneider
2980 4370 3088 4418 Die
3128 4369 3471 4427 finanziellen
3505 4368 3668 4418 Βατίε-

1229 4459 1445 4521 hunqen
1481 4459 1573 4508 der
1619 4459 2053 4516 florentinischen
2100 4460 2368 4508 Bankiers
2418 4476 2514 4507 zur
2568 4459 2765 4507 Kirche
2805 4474 2908 4507 von
2946 4459 3083 4509 1:335
3121 4458 3202 4507 bis
3242 4459 3379 4508 1304
3416 4458 3475 4508 S.
3516 4459 3579 4507 12
3610 4456 3663 4519 ff-

1225 4549 1341 4597 und
1376 4549 1461 4596 die
1501 4548 1711 4597 Tabelle
1747 4550 1804 4597 S.
1851 4551 1928 4598 73.
2006 4549 2276 4598 Ranerius
2313 4549 2631 4598 Bellindotis
2683 4549 2797 4596 und
2844 4547 2993 4596 aeine
3046 4540 3391 4607 Geoelloohaft
3436 4547 3667 4597 honarum

1237 4644 1408 4686 suerat
1447 4639 1584 4688 12:6⁶2
1623 4653 1728 4696 vor,
1769 4639 1880 4686 und
1917 4653 2057 4686 zwar
2092 4638 2155 4686 in
2198 4638 2542 4700 Verbinduny
2581 4637 2678 4685 mit
2726 4636 2911 4685 Urbtm
2948 4636 3073 4685 IV:
3127 4636 3376 4686 θαίνααά
3411 4636 3664 4699 Regiae-es

1229 4723 1508 4773 d'Urbain
1545 4727 1629 4774 IV
1671 4742 1722 4773 η.
1769 4730 1849 4780 79.
1895 4729 1920 4774 7
1963 4725 2091 4773 Mai
2134 4729 2284 4785 1262,
2324 4728 2437 4775 und
2474 4725 2792 4774 Davidsohn
2830 4724 3217 4787 Forschunqen
3250 4725 3358 4776 III
3398 4728 3464 4776 15
3500 4740 3553 4775 n.
3588 4724 3664 4774 52.
