4000 5700
1090 521 1532 577 REGESTUM
1570 523 1678 576 VO
1688 526 1892 580 LATE
1902 528 1951 582 R
1962 527 2128 580 ΒΑΝ
2135 528 2255 581 CM
2797 535 2896 586 135

436 721 753 782 miserunt
792 737 908 798 pro
951 738 1168 782 annuo
1207 718 1427 782 affiatu
1470 721 1563 782 VI
1605 723 1801 784 staria
1844 724 2043 798 granu
2091 743 2233 803 pen.
2283 725 2346 788 X
2383 725 2490 787 lib.
2520 727 2663 794 den.
2750 728 2894 792 Act.

445 816 619 898 apud
660 836 708 877 s.
752 816 1024 880 Mariam
1063 816 1146 878 de
1172 815 1504 880 Menzano.
1588 820 1914 884 MCCXX.
1942 841 2091 883 non.
2124 842 2259 900 apr.
2344 823 2631 888 Villanus
2666 825 2901 888 Gilloni

434 914 863 980 Vulterranus
903 921 972 978 et
1014 914 1384 992 Recupera-
1424 916 1662 978 Burelli
1692 922 1771 980 tt.
1860 918 2234 980 Franciseus
2260 921 2369 999 qd.
2401 921 2718 1001 Recuperi
2757 930 2893 984 not.

770 1012 928 1074 Vou.
973 1011 1208 1076 AVeec.
1239 1032 1290 1072 8.
1321 1012 1512 1075 XIII
1536 1013 1661 1075 dec.
1692 1016 1732 1076 2
1758 1035 1822 1077 n.
1855 1017 1936 1077 40
1960 1016 2135 1093 Oriq.

434 1174 582 1235 383.
2139 1177 2316 1250 Pisa,
2360 1178 2437 1238 11
2482 1178 2676 1257 April
2715 1178 2897 1240 1220.

564 1272 771 1334 Lucas
813 1269 1014 1332 abbas
1055 1291 1102 1331 S.
1149 1270 1331 1331 Pauli
1382 1270 1461 1332 de
1520 1271 1692 1350 Ripa
1732 1273 1839 1333 Ar
1830 1274 1886 1333 ii
1930 1294 2047 1352 pro
2090 1295 2154 1334 se
2209 1282 2270 1335 et
2320 1275 2595 1356 archiep.
2642 1275 2894 1344 Pisano.

430 1371 623 1432 -cuius
664 1367 869 1430 vicem
907 1369 1093 1450 gerit,
1137 1375 1203 1428 et
1245 1367 1569 1430 Soffredus
1613 1369 1882 1432 Pisanus
1909 1391 2050 1433 can.
2084 1371 2323 1432 iudices
2348 1371 2621 1453 delegati
2661 1394 2701 1435 a
2726 1393 2898 1456 papa

442 1467 965 1548 pronuntiarunt,
997 1465 1169 1545 quod
1196 1465 1555 1526 Mainectus
1582 1475 1956 1546 procurator
1997 1471 2363 1531 comunis
2405 1468 2619 1532 Vult.
2664 1472 2894 1532 instru-

441 1574 663 1628 mento
704 1563 1139 1626 Bartholomei
1182 1568 1317 1627 not.
1362 1564 1468 1644 qd.
1498 1564 1780 1626 Moronti
1806 1569 2104 1628 restituat
2135 1567 2362 1629 XXVI
2388 1564 2517 1640 lib„
2559 1570 2622 1632 in
2664 1569 2898 1647 quibus

436 1682 712 1726 comune
754 1662 1299 1742 condempnatum
1340 1662 1465 1723 fuit
1524 1662 1792 1724 Belforti
1847 1666 1976 1725 civi
2016 1662 2193 1726 Vult.
2239 1665 2322 1726 ab
2375 1664 2758 1744 archipresb.
2816 1665 2897 1729 de

438 1762 612 1826 Colle
653 1770 720 1823 ct
760 1759 1085 1841 preposito
1112 1759 1350 1823 Montis
1378 1759 1683 1822 Vultrarii
1714 1782 1754 1823 a
1780 1782 1952 1843 papa
1979 1763 2296 1824 iudicibus
2324 1764 2634 1843 delegatis
2662 1765 2894 1826 instru-

444 1868 664 1922 mento
707 1859 880 1921 Petri
921 1864 1079 1932 not.;
1124 1857 1409 1940 alioquin
1447 1878 1593 1920 eum
1638 1879 1764 1921 non
1809 1860 2094 1923 audient.
2200 1862 2342 1923 Act.
2389 1862 2549 1924 Pisis
2590 1860 2900 1926 Kinthice

436 1960 511 2022 in
552 1958 803 2040 porticu
844 1957 1171 2019 exterioris
1211 1956 1473 2018 claustri
1515 1979 1564 2018 s,
1611 1957 1796 2019 Pauli
1834 1959 1915 2019 de
1957 1958 2130 2039 Ripa
2158 1960 2333 2021 Arni.
2420 1959 2679 2020 Arlocto
2720 1958 2897 2022 iuris·

442 2059 670 2137 perito.
714 2057 945 2118 Guitto
984 2055 1065 2116 de
1104 2055 1403 2117 Certaldo
1438 2057 1820 2135 iurisperito.
1854 2057 2302 2137 Bentivengna
2327 2057 2433 2137 qd.
2467 2057 2786 2122 Dominici
2815 2062 2896 2120 tt.

445 2154 804 2227 MOCXXI,
860 2153 990 2214 ind.
1048 2152 1235 2226 VIII,
1293 2152 1397 2215 III
1452 2153 1537 2214 id.
1594 2173 1731 2232 apr.
1830 2154 2025 2216 Falco
2079 2154 2469 2217 Bonaccursi
2523 2155 2629 2234 qd.
2685 2154 2732 2215 f.
2790 2176 2895 2236 ap.

440 2253 611 2315 sedis
656 2261 1026 2414 notrzorenz
1053 2347 1207 2408 Ast.
1242 2346 1429 2424 (νοιι.
1460 2348 1618 2409 1221
1650 2347 1751 2408 11
1779 2349 1878 2420 11,
1910 2368 1973 2408 n.
2006 2348 2150 2424 216)
2180 2347 2356 2426 οήρ.

435 2513 583 2572 384.
2135 2508 2314 2582 Pica,
2360 2509 2440 2570 16
2482 2509 2675 2587 April
2714 2508 2896 2570 1220.

562 2606 723 2666 Cum
764 2600 1000 2664 Vitalis
1027 2602 1297 2662 Pisanus
1323 2603 1619 2680 archiep..
1651 2602 1858 2664 Lucas
1888 2603 2090 2664 abbas
2117 2623 2166 2665 s.
2199 2602 2383 2664 Pauli
2411 2603 2491 2663 de
2521 2601 2693 2682 Ripa
2722 2601 2897 2676 Arni,

434 2702 757 2767 Soffridus
797 2719 939 2762 can
986 2701 1110 2761 Pis.
1156 2720 1196 2761 a
1234 2719 1409 2780 papa
1448 2699 1687 2761 iudices
1727 2701 2008 2780 delegati
2046 2720 2239 2780 super
2276 2721 2473 2763 causa
2517 2701 2688 2762 inter
2729 2701 2899 2763 Oun-

440 2801 693 2873 radum‚
742 2797 1110 2871 Beliortem,
1156 2797 1467 2878 Sigerium
1509 2816 1609 2879 gg.
1654 2803 1725 2860 et
1762 2818 2102 2863 comune
2129 2798 2345 2861 Vult.
2381 2798 2620 2861 vellent
2644 2804 2896 2861 senten·

438 2903 602 2962 tiam
644 2900 827 2970 ferre,
871 2897 1183 2960 Soffridus
1223 2896 1611 2958 Mainettum
1653 2896 1966 2959 sindicum
2009 2899 2300 2959 comunis
2340 2899 2766 2979 peremptorie
2803 2898 2900 2958 in-

444 2998 729 3077 quisivit,
772 3003 849 3056 ut
890 3000 1094 3056 staret
1132 2995 1523 3055 sententiam
1567 2995 1934 3067 auditurus;
1967 2998 2078 3074 qui
2111 2995 2302 3056 semel
2331 2997 2661 3056 etiterum
2692 2997 2898 3073 requi·

444 3099 608 3157 sltus
647 3093 855 3156 noluit
894 3093 1214 3153 interesse.
1302 3092 1443 3155 Act.
1489 3093 1651 3154 Pisis
1690 3095 1758 3152 in
1797 3094 1975 3154 curia
2018 3093 2294 3172 archiep.
2380 3093 2596 3154 Presb.
2642 3091 2898 3154 Iacobo.

440 3194 671 3273 Ugone
711 3193 875 3253 diac.
922 3188 1201 3251 Henrico
1253 3189 1679 3266 vic(ecomite)
1736 3190 2337 3270 archiepiscopatus
2398 3190 2690 3250 Gnidone
2744 3187 2900 3249 Mal-

443 3291 599 3372 pilii.
644 3288 1006 3368 Arringerio
1047 3287 1223 3349 Vult.
1270 3288 1586 3349 Ricovero
1625 3287 1883 3350 sensale.
1956 3287 2314 3361 MCCXXI,
2359 3288 2491 3348 ind.
2521 3286 2707 3357 VIII,
2740 3285 2900 3347 XVI

442 3389 572 3452 kal.
618 3387 787 3449 mad.
874 3383 1313 3465 Bonalbergus
1353 3385 1463 3464 qd.
1505 3384 1802 3447 Ventrilii
1842 3385 2247 3465 imperatoris
2287 3385 2478 3446 iudex
2521 3392 2588 3446 et
2632 3389 2764 3445 not.

766 3486 1027 3547 tzorenz
1070 3483 1223 3545 Ast.
1272 3483 1465 3561 (Volt.
1496 3483 1656 3545 1221
1684 3482 1787 3545 IV
1818 3483 1913 3555 16,
1946 3504 2007 3544 n.
2038 3484 2185 3561 217)
2214 3483 2387 3561 Θήρ

446 3654 585 3721 385
2136 3652 2315 3725 Pisa,
2359 3652 2439 3715 16
2483 3652 2674 3729 ‘lpn'l
2715 3652 2897 3717 1280.

565 3752 841 3817 Causam
883 3752 1049 3813 inter
1075 3750 1444 3813 Cum-adum
1474 3750 1582 3829 qd.
1618 3750 2064 3817 Bonefidantie
2090 3756 2566 3828 procuratorem
2599 3749 2899 3813 Belloi-tis

447 3871 564 3931 pro
604 3869 679 3911 eo
718 3856 789 3913 et
827 3870 914 3923 se,
959 3855 1025 3913 et
1066 3850 1233 3915 inter
1273 3850 1484 3927 ipsum
1524 3854 1885 3913 curatorem
1916 3849 2138 3928 sigerii
2170 3868 2269 3928 gg.
2314 3868 2394 3909 ex
2439 3854 2624 3927 parte
2661 3867 2794 3911 una
2833 3854 2900 3911 et

446 3946 885 4013 himbardum
925 3946 1241 4009 sindicum
1281 3947 1652 4008 comunis
1706 3945 1920 4008 Vult.
1964 3965 2046 4007 ex
2099 3944 2230 4009 alia
2268 3946 2456 4011 nobis
2501 3944 2750 4019 vunan)
2799 3944 2898 4005 Pi·

445 4064 605 4111 anuo
647 4045 946 4122 archiep..
977 4042 1150 4105 Luce
1175 4042 1324 4104 abb.
1368 4062 1418 4103 s.
1452 4042 1632 4105 Pauli
1659 4042 1740 4105 de
1770 4043 1939 4123 Ripa
1970 4043 2146 4115 Arni,
2177 4041 2466 4105 Soffredo
2497 4043 2729 4109 Pisano
2755 4059 2900 4105 can.

445 4160 619 4221 papa
653 4141 974 4203 commisit
1003 4141 1068 4215 ¹).
1114 4139 1193 4201 In
1234 4146 1457 4199 nostra
1500 4158 1658 4217 pres,
1707 4138 2045 4203 Cunradus
2085 4143 2154 4200 et
2193 4137 2468 4216 Sigerius
2507 4137 2820 4217 petebant
2860 4156 2900 4199 a

446 4237 843 4317 Franiepane
886 4237 1323 4315 Vic(ecomite)
1358 4242 1685 4315 potestate
1711 4235 1887 4299 Vult.
1918 4235 2028 4299 lib.
2059 4236 2125 4297 M
2157 4236 2303 4299 den.
2333 4256 2452 4315 pro
2493 4235 2792 4301 interesse
2832 4242 2901 4297 et

446 4339 687 4403 damno
726 4336 908 4399 illato
949 4336 1217 4403 Belforti
1256 4344 1326 4399 et
1365 4335 1623 4408 eisdem,
1669 4337 1777 4399 lib.
1819 4337 2019 4399 CCCC
2062 4357 2181 4415 pro
2221 4339 2539 4402 intereosc.
2584 4335 2895 4416 expensis,

447 4435 701 4499 damnis
742 4455 867 4519 que
908 4435 1274 4496 habuerunt
1307 4434 1352 4512 [.
1375 4481 1387 4493 .
1410 4481 1423 4494 .
1447 4434 1489 4513 .]
1513 4435 1582 4511 ¹),
1609 4433 1763 4504 alias
1787 4433 1987 4497 CCCC
2011 4453 2127 4513 pro
2147 4434 2417 4506 damnis,
2445 4453 2568 4517 que
2599 4431 2900 4497 Belfortis

598 4654 636 4717 ⁸)
671 4653 829 4705 Sicu
865 4653 995 4703 oben
1030 4668 1082 4705 n.
1124 4653 1244 4702 364.
1392 4652 1434 4713 8)
1475 4652 1717 4703 (ἔνόυονο
1753 4651 1953 4703 Secum
1991 4668 2128 4715 ‚qam
2165 4650 2476 4709 vorblichem
2516 4666 2623 4703 nur
2660 4666 2797 4714 acm
2822 4650 2896 4703 es·-

446 4743 595 4793 dwro
620 4742 1017 4804 Erqdmunqen
1048 4740 1270 4790 wardon
1305 4741 1732 4803 autqenommen.
