4000 5700
1040 495 1484 550 REGESTUM
1524 452 2209 550 VOLATERRANiJM
2754 496 2860 550 163

397 689 707 767 B(onfilii)
752 709 853 768 ep
899 689 1043 751 Sen.
1090 691 1242 751 Pres
1243 690 1306 751 b.
1340 689 1762 769 Dietiguardi.
1808 690 2051 769 Ugerio
2089 688 2169 750 de
2211 688 2646 751 Podiobonizi.
2692 689 2869 750 Dea-1

400 809 547 852 nese
586 788 918 851 Cristofori
962 794 1043 849 tt·.
1143 788 1498 850 Dietaviva
1538 789 1689 868 imp.
1736 788 1879 849 aule
1920 794 2056 848 not.

720 886 986 949 Florem
1028 885 1181 947 Ast.
1232 886 1420 961 (Volt.
1466 907 1527 947 n.
1571 886 1716 964 299)
1761 887 1933 962 Oriq.

395 1083 533 1144 463.
1918 1081 2217 1155 Volterra„
2260 1081 2342 1142 22
2377 1082 2430 1142 J
2430 1099 2637 1142 annor
2675 1036 2854 1142 1229.

519 1178 1015 1250 MGOXXVIII,
1046 1179 1180 1240 ind
1213 1178 1302 1250 ΙΙ,
1327 1177 1430 1238 XI
1452 1177 1576 1238 kal.
1603 1177 1730 1238 feb.
1825 1176 2178 1238 Iacobus
2221 1176 2455 1238 Sandei
2483 1177 2699 1238 Vult.
2729 1196 2853 1254 po·

395 1284 685 1351 testas,
729 1280 866 1338 eius
910 1277 1273 1347 consiliarii,
1317 1276 1606 1337 consules
1650 1282 2098 1351 mercatorum,
2156 1275 2433 1336 Iacobus
2489 1275 2855 1336 Baldinocti

390 1373 618 1436 consul
658 1373 1043 1452 placitorum
1089 1373 1327 1435 Iacobo
1370 1372 1479 1451 qd.
1527 1372 1809 1433 Bondati
1851 1374 1978 1434 civi
2021 1372 2193 1432 Vult.
2279 1372 2369 1432 Te
2409 1370 2682 1433 facimus
2710 1386 2851 1451 pro-

389 1478 752 1535 curatorem
797 1473 865 1532 in
906 1472 1083 1532 curia
1124 1471 1422 1533 Romana
1466 1449 1680 1532 coram
1723 1489 1895 1550 papa
1935 1477 2004 1530 et
2046 1470 2184 1532 aliis
2225 1470 2312 1530 ad
2351 1470 2852 1549 impetrandum,

386 1568 978 1635 centradicendum
1025 1569 1090 1628 in
1146 1568 1384 1629 iudices
1454 1567 1964 1629 conveniendum
2023 1574 2089 1628 et
2144 1567 2233 1628 ad
2281 1567 2847 1630 contradicendum

393 1669 712 1729 sententie
753 1667 884 1727 late
927 1668 1396 1728 contumaciter
1438 1672 1659 1726 contra
1706 1685 1978 1727 comune
2021 1686 2137 1746 pro
2171 1668 2495 1745 preposito
2524 1666 2603 1726 de
2629 1665 2852 1727 Monte

377 1766 734 1829 ‚Voitrarid
819 1765 964 1826 Act.
1008 1763 1186 1826 Vult.
1229 1765 1416 1825 iuxta
1456 1769 1719 1843 prat-um
1761 1765 1828 1824 in
1870 1763 2065 1824 domo
2107 1765 2538 1843 Bonparentis
2592 1763 2696 1844 qd.
2728 1764 2851 1825 Bo·

394 1865 647 1925 nefidei.
733 1862 1015 1925 Rodulfo
1058 1862 1283 1923 iudice.
1329 1861 1574 1942 Sigerio
1614 1863 1723 1940 qd.
1756 1862 2221 1924 Bonefidantie.
2255 1861 2594 1942 Albigocto
2623 1861 2851 1923 castal-

388 1959 582 2022 dione
626 1965 706 2021 tt.
790 1958 1170 2023 Vincentius
1213 1979 1262 2019 s.
1308 1961 1459 2038 imp.
1508 1965 1639 2020 not.

684 2058 980 2122 ,Florem
1022 2057 1173 2118 Ast.
1222 2057 1416 2135 (Volt.
1459 2055 1624 2119 1228
1667 2058 1747 2119 ΙΙ
1787 2058 1886 2129 22,
1932 2078 1994 2120 n.
2039 2056 2185 2133 287)
2228 2058 2397 2135 Oriq.

389 2256 532 2315 464.
1977 2252 2271 2324 voum-ra,
2317 2252 2398 2314 13
2439 2253 2626 2314 Miirz
2664 2252 2845 2314 1229.

511 2350 1003 2421 MOCXXVIII,
1035 2350 1167 2412 ind.
1197 2351 1287 2422 11,
1320 2350 1428 2410 ΙΙΙ
1455 2350 1543 2409 id.
1590 2356 1780 2411 mart.
1863 2348 2026 2411 Cum
2069 2368 2186 2409 nos
2220 2349 2572 2411 Iacobus
2614 2348 2850 2410 Sandei

391 2450 613 2511 Vult.
659 2454 1042 2527 potestas
1081 2467 1228 2509 cum
1270 2447 1646 2509 consiliariis
1687 2455 1755 2508 et
1796 2447 2165 2508 consulibus
2206 2446 2585 2525 placitorum
2614 2448 2848 2508 consti·

394 2550 737 2609 tuissemus
778 2547 1076 2608 Sericum
1118 2552 1252 2606 not.
1297 2551 1778 2624 procuratorem
1822 2547 1890 2605 in
1931 2547 2109 2606 curia
2165 2545 2461 2607 Romana
2504 2545 2587 2605 ad
2642 2564 2845 2623 repre-

390 2643 782 2706 sentandum
844 2665 912 2705 se
968 2664 1187 2707 coram
1241 2663 1431 2723 papa,
1490 2643 1899 2704 concedimus
1968 2643 2026 2702 ei
2087 2643 2412 2705 licentiam
2477 2645 2848 2723 acquirendi

394 2747 625 2801 mutuo
665 2742 1004 2820 pecuniam
1050 2761 1165 2819 pro
1206 2740 1397 2801 factis
1424 2740 1733 2801 comunis.
1818 2741 1961 2801 Act.
1992 2741 2167 2803 Vult.
2201 2741 2268 2801 in
2300 2742 2480 2803 curia
2502 2742 2847 2820 potestatis

393 2839 766 2900 testimonio
808 2838 1067 2900 Rodulfl
1110 2838 1336 2900 iudicis
1377 2838 1458 2899 de
1501 2837 1741 2901 Sancto
1781 2839 2071 2900 Miniat0.
2102 2838 2544 2902 Bartholomei
2571 2846 2701 2901 not.
2733 2839 2845 2918 qd.

389 2937 693 2999 Moronti.
740 2939 1009 2999 Batonis
1052 2937 1160 3016 qd.
1206 2936 1539 2998 Simeonis.
1625 2939 2003 3001 Vincentius
2046 2957 2096 3000 s.
2126 2939 2276 3017 imp.
2319 2943 2456 2999 not.

712 3035 978 3097 morem
1019 3035 1156 3097 Ast
1200 3036 1389 3112 (Volt.
1437 3036 1599 3097 1228
1638 3036 1761 3096 ΙΙΙ
1799 3036 1902 3108 13,
1944 3056 2007 3096 n.
2051 3036 2196 3113 289)
2239 3036 2411 3112 Oriq.

388 3231 526 3291 465.
2053 3231 2353 3308 Peruqia,
2396 3232 2437 3291 5
2479 3231 2627 3292 Mai
2663 3232 2843 3293 1229.

510 3324 958 3407 Gregorius
1016 3325 1129 3386 IX
1184 3326 1405 3390 Sancti
1463 3326 1825 3389 Geminiani
1876 3336 1944 3390 et
1997 3328 2078 3388 de
2118 3328 2446 3405 Martur(i)
2505 3329 2844 3407 prepositis

386 3424 565 3486 Vult.
609 3430 677 3486 et
718 3425 882 3485 Flor.
925 3424 1089 3485 dioc
1133 3433 1201 3486 et
1242 3427 1537 3503 Sim(oni)
1596 3446 1735 3487 can.
1792 3427 1986 3488 Mass.
2085 3426 2609 3506 significantibus
2663 3434 2842 3505 pote-

384 3528 579 3593 state,
622 3523 849 3591 iudice,
893 3522 1264 3584 consiliariis
1304 3522 1504 3592 Vult„
1559 3522 1753 3602 quod,
1811 3542 1958 3584 cum
2005 3523 2164 3600 „olim
2222 3525 2582 3603 prepositus
2635 3533 2704 3585 et
2742 3544 2844 3585 ca-

385 3620 667 3699 pitulum
714 3620 955 3682 Montis
1010 3618 1321 3680 Vultrarii
1376 3620 1460 3681 ad
1518 3621 1920 3699 (Mar-tinum)
1979 3641 2079 3700 ep.
2136 3621 2569 3683 Castellanum
2599 3625 2641 3698 ¹)
2685 3629 2843 3684 tunc

385 3715 797 3795 archipresb„
841 3716 1242 3793 (Martinum)
1287 3717 1875 3778 vice-cancellarium
1916 3736 2084 3796 pape
2125 3723 2282 3778 tunc
2323 3718 2491 3778 sicut
2529 3737 2702 3779 nunc
2743 3737 2840 3780 ar-

380 3815 655 3877 chidiac.
699 3812 867 3886 Seu„
914 3815 1208 3891 (Lucam)
1252 3814 1402 3875 abb.
1447 3834 1496 3875 s.
1545 3814 1727 3876 Pauli
1769 3815 1850 3876 de
1893 3814 2064 3893 Ripa
2106 3816 2261 3875 Arni
2294 3815 2419 3876 Pis.
2450 3814 2698 3876 litteras
2724 3817 2841 3877 im·

386 3916 749 3993 petrassent
773 3915 843 3990 ²),
893 3913 1011 3991 ipsi
1060 3912 1467 3990 appellarunt
1522 3920 1591 3974 et
1642 3914 1977 3993 negotium
2037 3913 2350 3994 (Pagano)
2408 3910 2585 3976 Vult..
2630 3933 2729 3992 ep.
2775 3918 2842 3975 et

380 4009 642 4091 collegis
666 4012 712 4086 ⁸)
744 4031 785 4071 a
813 4028 986 4088 papa
1009 4009 1331 4071 committi
1350 4012 1703 4089 optinuere.
1732 4009 1980 4083 Quibus
2004 4020 2264 4090 propter
2289 4010 2607 4071 malitiosa
2638 4012 2841 4090 partis

386 4108 654 4169 adverse
674 4107 946 4187 diffugia
967 4106 1258 4169 decidere
1279 4127 1409 4168 non
1432 4108 1798 4169 valentibus
1811 4109 2177 4186 prepositus
2200 4114 2269 4169 et
2290 4108 2646 4186 capitulum
2675 4110 2841 4188 opti-

387 4211 668 4267 nuerunt
708 4224 747 4265 a
789 4205 974 4267 nobis
1014 4204 1334 4267 iudicibus
1363 4205 1760 4278 demandari,
1790 4213 1866 4266 ut
1896 4206 2063 4267 infra
2091 4225 2374 4268 mensem
2403 4207 2838 4285 procederent.

379 4301 551 4365 Cum
591 4309 855 4383 propter
892 4303 1341 4364 altercationes
1382 4305 1665 4383 partium
1720 4305 2007 4382 spatium
2048 4305 2339 4383 elapsum
2377 4304 2623 4378 fuisset,
2680 4305 2840 4367 iudi·

377 4402 569 4465 cibus
608 4421 740 4462 non
779 4401 1172 4464 habentibus
1199 4403 1704 4463 iurisdictionem
1732 4404 2096 4481 prepositus
2125 4409 2193 4464 et
2219 4404 2574 4482 capitulum
2603 4424 2645 4465 a
2669 4423 2842 4483 papa

532 4617 573 4678 1)
609 4613 755 4666 eiua
789 4616 850 4665 aa·
885 4615 1140 4670 castello:
1178 4632 1234 4665 er
1266 4617 1398 4677 fem
1435 4617 1519 4667 zm·
1556 4617 1735 4668 Gamo.
1923 4618 1965 4682 ³>
2006 4618 2165 4669 siem
2203 4634 2257 4670 n.
2299 4619 2419 4670 429.
2603 4619 2645 4682 ³)
2681 4618 2840 4670 siena

381 4723 440 4759 a.
481 4707 599 4756 456.
2855 4725 2860 4734 .
