4000 5700
1005 531 1454 587 REGESTUM
1493 532 2181 588 VOLATERRANUM
2757 534 2825 588 37

366 727 657 789 nedictus
700 747 799 806 ep.
844 748 924 789 ss.
971 728 1032 789 S.
1079 749 1163 789 m.
1210 728 1521 791 Gherardi
1563 736 1629 790 et
1660 730 1945 809 Inghitii.
1978 730 2159 791 Avisi
2185 749 2311 810 que
2341 730 2643 793 Chunitio
2688 750 2825 792 voc

366 824 411 885 f.
457 825 517 886 b.
565 845 649 886 m.
696 825 959 887 Chuniti
1001 832 1081 887 tt.
1125 826 1401 888 Uuinizo
1445 835 1522 889 tt.
1567 848 1650 888 ss.
1695 827 1759 889 S.
1804 847 1890 888 m.
1936 826 2336 889 Uuillelmif.
2370 827 2431 887 b.
2480 848 2564 888 m.
2595 827 2826 889 Chuni-

370 922 643 984 chumde
684 943 812 1004 que
851 923 1157 985 Chunitia
1199 944 1337 985 voc.
1382 930 1464 986 tt.
1551 925 1725 988 Otdo
1766 930 1903 986 not.
1948 926 2081 1004 inp.

703 1022 859 1083 Volt.
891 1023 1130 1084 AVa-sc.
1160 1042 1208 1084 8.
1242 1022 1347 1083 XI
1387 1023 1511 1084 dec.
1544 1023 1582 1083 1
1624 1043 1687 1083 n.
1726 1024 1765 1085 6
1809 1022 1979 1100 Oriq.

370 1219 466 1278 99.
1835 1218 2135 1291 Volterra,
2181 1219 2217 1278 1
2258 1217 2626 1304 September
2646 1217 2826 1278 1005.

492 1316 636 1388 MV,
681 1315 808 1376 kal.
854 1321 1041 1394 sept„
1085 1315 1217 1375 ind.
1264 1315 1425 1375 IIII.
1527 1316 2039 1377 Benedictus
2095 1314 2310 1376 Volot.
2355 1335 2454 1395 ep.
2500 1315 2608 1375 lib.
2656 1335 2827 1375 nom.

372 1411 453 1472 ad
497 1431 759 1473 censum
799 1411 885 1473 do
926 1412 1120 1473 Petro
1160 1412 1207 1473 f.
1252 1411 1315 1473 b.
1362 1431 1446 1472 m.
1493 1412 1725 1474 Baruci
1770 1414 2015 1492 petiam
2058 1418 2224 1473 terre
2265 1431 2413 1472 cum
2455 1431 2605 1472 casa.
2631 1431 2829 1490 prope

374 1512 706 1573 civitatem
762 1510 938 1572 Luca
991 1517 1059 1572 et
1113 1530 1311 1590 prope
1366 1516 1555 1590 porte.
1616 1531 1667 1572 8.
1715 1510 1981 1572 Gervasi
2043 1517 2112 1572 et
2158 1510 2309 1572 eccl.
2368 1530 2417 1570 s.
2470 1511 2689 1582 Marie,
2735 1516 2826 1571 te-

371 1615 631 1670 nentem
673 1610 740 1670 in
781 1610 888 1669 via
928 1609 1205 1687 plubica,
1250 1615 1422 1670 terra
1463 1629 1514 1670 s.
1560 1610 1760 1670 Marie
1798 1609 2014 1671 Volot.
2058 1628 2221 1688 quas
2262 1607 2475 1670 libello
2516 1607 2664 1668 dedi
2707 1607 2827 1669 Ve-

370 1707 637 1769 nerandi
659 1710 727 1785 ¹),
751 1717 920 1768 terra
942 1707 1054 1767 Lei
1073 1707 1120 1768 f.
1147 1707 1501 1779 Benedicti,
1523 1727 1642 1786 pro
1668 1727 1850 1786 pens.
1873 1727 1988 1786 per
2016 1727 2205 1768 omne
2225 1712 2502 1786 augusto
2523 1705 2830 1767 solvenda

373 1824 505 1884 arg.
549 1803 696 1864 den.
740 1803 802 1864 b.
846 1823 991 1882 exp.
1037 1803 1336 1874 XX1111;
1380 1823 1524 1883 pen.
1569 1824 1704 1884 arg.
1736 1804 1848 1865 sol.
1881 1802 2093 1864 XXV.
2180 1803 2324 1874 Act,
2356 1803 2690 1864 Voloterre
2716 1800 2829 1863 ubi

372 1899 492 1960 dic.
537 1900 800 1961 castello
840 1900 1101 1962 Albuini
1132 1903 1201 1975 ²).
1300 1900 1688 1962 Benedictus
1728 1921 1828 1980 ep.
1873 1920 1954 1961 ss.
1984 1900 2050 1962 S.
2082 1921 2166 1961 m.
2198 1900 2389 1961 Petri.
2422 1899 2748 1961 Uuillelmi
2780 1898 2826 1959 f.

374 1997 435 2058 b.
481 2018 565 2058 m.
611 1997 912 2060 Sialberti
951 2018 1077 2077 que
1119 1997 1383 2059 Sichitio
1427 2018 1565 2059 voc.
1597 1998 1898 2060 Uuiberti
1937 1998 1983 2058 f.
2030 1998 2091 2059 b.
2152 2017 2237 2058 m.
2294 1999 2453 2058 item
2508 1995 2827 2057 Uuiberti.

375 2095 699 2156 Lamberti
743 2097 788 2156 f.
834 2097 896 2158 b.
943 2117 1026 2157 m.
1071 2096 1376 2175 Flaiperti
1420 2102 1501 2156 tt.
1547 2096 1826 2187 Uuinizo
1868 2102 1949 2156 tt.
1994 2116 2077 2156 ss.
2124 2094 2297 2157 Otdo
2325 2100 2462 2155 not.
2509 2096 2638 2172 inp.

699 2194 859 2255 Volt.
906 2193 1126 2273 AGap.
1172 2215 1235 2255 n.
1281 2194 1362 2256 48
1404 2194 1576 2272 Θήρ.

378 2388 511 2448 100.
911 2466 920 2476 ι
1268 2394 1276 2403 ’
2010 2388 2308 2459 Volterra,
2351 2383 2606 2447 Oldober
2645 2385 2825 2446 1005.

453 2487 600 2552 MV.
643 2487 883 2560 octub„
927 2488 1060 2548 ind.
1116 2494 1371 2567 quarta.
1490 2481 1997 2547 Benedictus
2059 2505 2158 2564 ep.
2219 2483 2429 2546 Volot.
2488 2484 2596 2545 liv.
2655 2503 2825 2544 nom.

371 2584 519 2645 dedi
563 2584 917 2646 Adalberto
955 2585 1001 2645 f.
1048 2585 1110 2646 b.
1155 2604 1242 2646 m.
1286 2586 1522 2647 Hilditi
1565 2591 1631 2647 et
1677 2584 2083 2646 Ghisalberto
2123 2583 2169 2644 f.
2208 2583 2272 2645 b.
2304 2602 2390 2642 m.
2420 2582 2631 2643 Petini
2659 2581 2826 2642 fum-

368 2682 680 2745 damento
704 2686 751 2760 ⁸)
794 2689 862 2745 et
903 2683 1183 2745 casalino
1224 2686 1292 2745 in
1333 2684 1682 2757 Lavaiano‚
1712 2703 1762 2743 r.
1794 2703 1907 2762 per
1933 2683 2044 2762 qd.
2076 2683 2307 2744 Petrus
2335 2680 2830 2743 Solaciafummo

366 2800 583 2853 mass„
627 2787 706 2842 ut
745 2801 858 2861 per
898 2781 1043 2842 fest.
1088 2801 1139 2841 s.
1183 2783 1381 2842 Marie
1423 2784 1488 2842 in
1539 2802 1686 2863 aug.
1746 2801 2007 2842 censum
2062 2779 2348 2841 reddatis
2395 2798 2527 2861 arg.
2571 2778 2718 2840 den.
2762 2778 2825 2839 b.

365 2899 515 2958 exp.
559 2880 767 2958 qualis
809 2899 921 2967 per
962 2886 1160 2960 temp.
1186 2880 1569 2955 o.duodeci;
1614 2901 1757 2961 pen.
1803 2899 1935 2960 arg.
1965 2880 2081 2941 sol.
2124 2879 2576 2960 quadraginta.
2680 2877 2824 2937 Act.

368 2977 704 3041 Voloterre
746 2997 944 3058 prope
983 2978 1178 3039 domo
1218 2998 1267 3038 s.
1313 2979 1530 3039 Marie.
1619 2977 2007 3039 Benedictus
2036 2997 2135 3056 ep.
2167 2996 2249 3036 ss.
2281 2975 2344 3036 S.
2375 2995 2462 3037 m.
2492 2973 2828 3035 Adalberti

366 3081 435 3135 et
478 3073 888 3137 Ghisalberti.
930 3076 1212 3138 Muberti
1251 3076 1299 3136 f.
1342 3074 1406 3136 b.
1452 3096 1537 3135 m.
1582 3077 1739 3137 item
1779 3075 2079 3136 Muberti.
2124 3074 2387 3137 Chuniti
2414 3073 2459 3134 f.
2492 3072 2553 3132 b.
2587 3092 2671 3132 m.
2700 3072 2826 3131 Tu-

366 3173 482 3233 nili
526 3174 635 3251 qui
678 3174 805 3235 fuit·
846 3174 1072 3235 clerico
1114 3179 1193 3234 tt.
1239 3174 1514 3235 Uuinizo
1555 3179 1636 3234 tt.
1682 3194 1763 3233 ss.
1850 3172 2025 3234 Otdo
2067 3179 2201 3234 not.
2246 3174 2378 3250 inp.

702 3272 859 3333 Volt.
906 3272 1143 3333 AVesc.
1187 3292 1237 3332 8.
1284 3270 1392 3331 XI
1431 3271 1554 3332 dec.
1601 3271 1637 3331 1
1682 3291 1744 3331 n.
1780 3272 1830 3331 -7
1870 3270 2043 3348 Oriq.

375 3467 511 3526 101.
1925 3465 2252 3536 volterra,
2297 3464 2379 3525 30
2420 3463 2604 3524 Mdv-z
2644 3462 2824 3523 1007.

492 3563 709 3635 MVII,
775 3563 881 3623 III
937 3563 1061 3624 kal.
1126 3583 1286 3643 apr„
1350 3564 1482 3624 ind.
1542 3565 1617 3625 V.
1743 3563 2254 3625 Benedictus
2316 3581 2396 3640 ep
2473 3561 2685 3623 Volot.
2743 3558 2827 3620 ad

368 3681 633 3722 censum
674 3662 760 3722 do
802 3661 996 3723 Petro
1047 3668 1116 3723 et
1168 3662 1462 3723 Uuinitio
1518 3668 1585 3723 et
1640 3661 1969 3723 Gherardo
2024 3681 2128 3741 gg.
2184 3661 2230 3722 f.
2289 3661 2351 3721 b.
2409 3680 2494 3721 m.
2561 3658 2826 3739 Inghitii

366 3758 533 3819 duas
574 3778 755 3821 casas
795 3762 860 3820 in
901 3759 1040 3821 loco
1081 3759 1285 3833 Sesto,
1330 3761 1461 3820 iam
1499 3779 1549 3820 r.
1593 3779 1708 3838 per
1747 3759 1858 3839 qd.
1900 3759 2033 3821 Leo
2060 3766 2126 3819 et
2154 3759 2390 3835 Poso⁴)
2440 3765 2508 3819 et
2548 3756 2828 3819 Gennari

368 3862 439 3918 et
482 3858 770 3937 Angnelo
811 3877 1002 3919 mass.
1060 3864 1126 3919 et
1180 3858 1373 3918 modo
1426 3878 1557 3919 una
1610 3877 1723 3936 per
1779 3858 1976 3920 Berto
2029 3858 2076 3918 f.
2121 3857 2394 3919 Iohanni
2439 3862 2507 3918 et
2548 3856 2674 3916 alia
2716 3874 2830 3934 per

368 3956 567 4016 Petro
606 3961 675 4017 et
718 3956 967 4036 Populo
1004 3963 1073 4018 et
1115 3955 1385 4018 Iohanni
1429 3957 1475 4017 f.
1521 3956 1630 4035 qd.
1674 3956 1965 4036 Angneli,
2024 3962 2100 4016 ut
2143 3957 2207 4015 in
2248 3955 2396 4016 fest.
2440 3976 2490 4015 s.
2522 3956 2719 4015 Marie
2761 3955 2826 4014 in

366 4059 565 4134 gusto
592 4057 641 4131 5)
682 4053 970 4115 reddat-is
1011 4073 1293 4115 annuam
1320 4073 1498 4133 pens.
1529 4055 1847 4114 arientum
1869 4052 2016 4115 den.
2040 4052 2337 4114 XXXVI
2359 4054 2421 4115 b.
2450 4072 2595 4131 exp.
2620 4050 2828 4130 qualis

366 4171 485 4230 per
512 4158 710 4230 temp.
747 4172 830 4224 o.;
858 4171 1004 4230 pen.
1035 4153 1354 4213 arientum
1383 4152 1498 4212 sol.
1526 4154 1885 4212 sexxaint-a.
1970 4150 2165 4212 Hact.
2198 4152 2338 4211 loco
2363 4153 2539 4211 intus
2566 4148 2828 4210 castello

367 4250 548 4328 quod
575 4255 673 4310 est
713 4250 881 4311 infra
908 4251 1175 4311 civitate
1204 4248 1666 4311 Voloterrense.
1772 4236 2163 4311 Benedictus
2189 4269 2288 4328 ep.
2319 4268 2402 4310 ss.
2425 4248 2488 4309 S.
2535 4268 2618 4308 m.
2651 4248 2825 4308 Petri

368 4352 440 4408 et
481 4347 756 4408 Uuinitii
799 4354 865 4408 et
907 4346 1238 4409 Gherardi.
1283 4347 1483 4408 Uuidi
1525 4348 1570 4407 f.
1617 4349 1679 4410 b.
1712 4367 1797 4407 m.
1829 4347 1993 4409 Sitii.
2026 4346 2394 4425 Angheradi
2422 4347 2530 4425 qui
2569 4344 2826 4406 Cunitio

522 4573 560 4636 ¹)
599 4573 754 4623 scene
789 4590 843 4623 n.
882 4576 967 4625 89.
1115 4574 1158 4639 ²¹)
1187 4571 1344 4623 Nacta
1366 4572 1577 4635 Rapum·
1611 4573 1692 4623 im
1729 4572 1908 4634 Borqo
1930 4572 1987 4622 s.
2017 4572 2316 4621 mammo
2339 4585 2417 4621 cm
2439 4570 2531 4619 aar
2565 4571 2829 4622 wasnau
2949 4559 2956 4567 ’

379 4662 675 4717 Voltus-rae:
716 4664 854 4712 auch
901 4670 1071 4713 umen
1111 4678 1164 4712 n.
1212 4665 1315 4714 115
1360 4661 1606 4711 erwdlmc.
1754 4660 1799 4727 ⁸)
1838 4661 1929 4713 Im
1968 4659 2321 4710 Mittellatein
2371 4659 2829 4722 qleichbodemend

368 4750 473 4801 mit
508 4750 732 4802 fundus.
880 4753 923 4813 ⁴)
970 4751 1259 4804 Ver-besam
1295 4750 1614 4802 aue'Potio.
1765 4748 1809 4810 ⁵)
1848 4770 1917 4798 z
1953 4755 2208 4815 augusto.
