4000 5700
1826 294 1881 345 N

1172 400 1619 457 REGESTUM
1654 399 2344 455 VOLATERRANUM
2882 400 2984 454 171

522 599 880 677 capitulum
922 598 1262 659 constituti
1303 598 1504 669 Vult„
1549 597 1728 659 Vult.
1773 597 1945 658 cives
1987 615 2118 657 non
2147 615 2333 675 posse
2368 597 2648 674 recipere
2673 594 2982 676 obligata.

526 696 670 757 Act.
696 698 765 757 in
792 715 1046 758 cassare
1074 697 1155 758 de
1184 695 1541 774 Berignone
1568 696 1636 756 in
1663 696 1841 756 curia
1869 696 2278 774 episcopatus
2360 713 2576 755 coram
2601 693 2990 773 Boneguids

527 794 635 876 qd.
682 795 928 855 Parisii.
974 794 1433 855 Bonafidantia
1476 792 1583 874 qd.
1628 792 1999 862 Paltonerii,
2045 792 2205 853 aliis,
2291 790 2543 853 Soricus
2585 799 2722 852 not.

854 891 1012 953 Volt.
1046 891 1286 954 AVesc.
1316 910 1368 952 3.
1396 890 1587 952 XIII
1613 890 1739 951 dec.
1773 891 1811 950 4
1839 910 1903 951 n.
1934 890 1975 951 2
2003 889 2174 967 Oriy.
2209 889 2424 967 (durch
2450 888 2838 950 Einschnitte
2865 911 2984 952 un·

844 991 1048 1068 qiiltiq
1089 989 1406 1066 qemacht).

522 1152 662 1211 485.
2159 1148 2442 1220 Florem,
2488 1149 2528 1208 5
2569 1149 2761 1227 April
2800 1149 2982 1210 1232

643 1246 1107 1320 MCCXXXII,
1152 1254 1442 1325 tempore
1487 1248 1773 1327 Gregorii
1813 1243 2036 1319 VIIII,
2068 1246 2200 1305 ind.
2243 1247 2320 1319 V,
2351 1247 2410 1307 V
2439 1247 2589 1306 intr.
2620 1266 2755 1325 apr.
2840 1247 2981 1305 An-

523 1344 760 1405 dreas
801 1342 1023 1405 Iacobi
1064 1344 1349 1405 secunda
1403 1345 1542 1404 vice
1595 1349 1780 1421 pot-es
1751 1348 1886 1403 «tas
1944 1342 2164 1403 Flor.
2223 1344 2565 1404 constituit·
2621 1342 2981 1405 Guidonem

524 1441 800 1504 Bellocci
842 1442 1113 1503 iudicem
1160 1449 1223 1502 et
1268 1447 1403 1502 not.
1449 1447 1930 1520 procuratorem
1960 1441 2046 1501 ad
2074 1441 2509 1519 recipiendum
2537 1442 2808 1503 similem
2839 1461 2981 1521 pro—

524 1541 890 1602 missionem
932 1561 971 1600 a
1001 1539 1308 1601 Iacobo
1337 1538 1494 1600 Nasi
1522 1538 1884 1600 Collensi
1917 1545 2264 1619 potestate,
2296 1545 2372 1598 ut
2401 1541 2715 1618 scriptum
2742 1546 2842 1602 est
2868 1560 2988 1619 per

520 1639 772 1700 dictum
814 1638 1196 1700 Gnidonem.
1282 1639 1427 1698 Act.
1471 1638 1539 1698 in
1567 1636 1811 1714 palatio
1847 1640 2138 1698 comunis
2181 1637 2348 1698 Flor.
2434 1658 2650 1699 coram
2693 1638 2986 1700 Iohanne

521 1737 602 1797 de
641 1736 1069 1797 Marchisana.
1116 1737 1281 1797 Pace
1319 1736 1404 1796 de
1446 1737 1719 1808 Berone,
1766 1735 1926 1797 aliis.
2013 1735 2509 1797 Bartholomeus
2558 1735 2621 1797 S.
2667 1735 2748 1797 R.
2795 1737 2870 1797 E.
2915 1743 2987 1798 et.

519 1853 689 1894 nunc
731 1835 1020 1894 comunis
1062 1834 1231 1895 Flor.
1274 1840 1412 1894 not.

840 1931 1015 1994 Colle
1041 1931 1278 1993 AGom.
1307 1932 1827 1993 Instrumentario
1861 1932 1895 1990 I
1922 1931 1968 2006 f.
2003 1931 2083 1992 42
2109 1931 2265 2009 Gop-
2296 1952 2346 1992 ε.
2370 1931 2562 1992 XIII
2590 1933 2745 1993 med.
2830 1934 2980 2011 Req.

842 2029 1056 2090 bisini
1095 2029 1235 2091 218

521 2192 661 2251 486.
2157 2189 2436 2262 Florem,
2483 2191 2522 2250 5
2563 2192 2760 2269 April
2799 2193 2977 2254 1232.

641 2288 1107 2362 MOGXXXII,
1150 2308 1494 2368 non.apr.‚
1527 2287 1657 2349 ind.
1702 2290 1781 2350 V.
1866 2288 2460 2349 Act.Florent1e1n
2488 2289 2736 2367 palatio
2764 2309 2981 2350 comu-

525 2389 643 2449 nis.
728 2387 1100 2449 Andreas
1141 2386 1367 2449 Iacobi
1405 2387 1688 2448 secunda
1730 2388 1869 2447 vice
1909 2385 2119 2446 Flor.
2164 2392 2454 2464 potestas
2490 2386 2752 2448 licentia
2792 2408 2977 2465 gene·

522 2486 672 2547 ralis
698 2486 945 2547 consilii
966 2487 1329 2564 composuit
1351 2505 1498 2547 cum
1520 2484 1554 2545 I
1571 2485 1827 2547 acobo
1854 2485 2012 2546 Nasi
2042 2483 2406 2548 Collensi
2434 2490 2780 2563 potestate,
2805 2488 2982 2567 quod

517 2587 587 2646 in
628 2592 801 2657 ante,
845 2585 899 2643 si
940 2584 1117 2662 quod
1158 2583 1496 2655 creditum,
1540 2590 1879 2655 mercat-us,
1923 2584 2278 2644 mercanbia
2320 2583 2501 2643 fieret
2527 2584 2697 2644 inter
2724 2584 2985 2647 Floren-

523 2683 695 2743 tinos
736 2688 804 2742 et
845 2681 1184 2753 Collenses,
1229 2681 1317 2742 illi
1360 2687 1622 2742 tantum
1664 2682 2153 2754 conveniantur,
2198 2679 2433 2760 quibus
2461 2681 2692 2743 datum
2723 2684 2822 2745 vel
2850 2703 2982 2746 cre·

520 2779 733 2840 ditum
775 2779 990 2852 fuerit,
1033 2780 1216 2840 salvo
1257 2778 1432 2858 quod
1473 2778 1555 2840 de
1595 2779 1855 2840 creditis
1897 2785 1964 2838 et
2006 2780 2376 2841 mercantiis
2417 2779 2751 2860 hucusque
2790 2781 2986 2845 factis

521 2879 907 2941 Florentinis
947 2880 1185 2941 debeat
1223 2878 1539 2940 satisfieri.
1627 2878 2034 2940 Benacursus
2074 2878 2156 2940 de
2204 2880 2460 2940 Petusio
2502 2886 2640 2940 not.
2686 2882 2979 2943 Bar-tolo—

522 2997 700 3039 meus
744 2978 824 3040 de
863 2977 1155 3040 Tuscana
1194 2983 1332 3040 not.
1414 2976 1665 3039 Tiocius
1707 2976 1967 3054 Rugerii
2010 2975 2291 3037 Viviani.
2336 2976 2612 3055 Scopbus
2654 2979 2980 3042 Mattasel-

522 3074 684 3136 lonis
725 3076 805 3136 de
845 3075 1018 3138 Colle
1060 3081 1140 3136 tt..
1225 3075 1437 3137 Guido
1481 3074 1840 3135 Bellocciali
1884 3074 2078 3135 iudex
2121 3073 2257 3134 ord.
2302 3079 2370 3133 et
2409 3083 2549 3135 not.

845 3172 1011 3235 Colle
1039 3172 1275 3233 AOom.
1308 3171 1828 3232 Instrumentario
1862 3172 1900 3231 I
1944 3171 2025 3232 42
2067 3171 2219 3248 Cep.
2264 3191 2314 3231 8.
2359 3170 2546 3231 XIII
2591 3173 2743 3234 med.
2829 3175 2981 3253 Περ.

842 3271 1056 3331 Lieini
1096 3270 1233 3331 219.

520 3442 661 3504 487.
2176 3439 2437 3514 Sciam,
2483 3439 2565 3500 20
2606 3442 2755 3502 Mai
2796 3443 2980 3504 1232.

642 3541 881 3602 Bencio
922 3539 1205 3602 sindicus
1246 3558 1419 3600 mon.
1461 3559 1513 3599 s.
1556 3538 1757 3600 Mario
1797 3538 1878 3600 de
1912 3539 2296 3599 Morrona
2335 3541 2807 3616 representavit
2833 3541 2989 3621 Ugo

521 3644 589 3701 et
633 3637 1049 3700 Malliavache
1092 3637 1461 3704 consulibus
1501 3637 1581 3697 de
1625 3636 1863 3698 Scia-na
1902 3635 2152 3696 litteras
2181 3634 2410 3696 Tidicii
2437 3636 2848 3699 Vicecomitis
2878 3658 2980 3700 ca·

518 3738 764 3815 pitanei
791 3741 833 3812 ⁸)
877 3735 1061 3796 vallis
1102 3735 1227 3795 Ere
1268 3735 1680 3814 precipientis
1721 3733 1843 3794 sub
1884 3753 2056 3812 pena
2107 3731 2216 3794 lib.
2263 3735 2329 3805 C,
2373 3753 2455 3794 ne
2514 3739 2974 3797 monasterium

521 3834 899 3913 imoediant.
982 3831 1406 3906 Act.Soiane.
1489 3829 1954 3902 MCCXXXII,
1985 3831 2120 3892 ind.
2150 3829 2227 3903 V,
2253 3830 2380 3891 kal.
2413 3832 2544 3892 iun.
2614 3831 2990 3913 Pelegrinus

520 3931 601 3993 de
642 3931 961 3993 Mol-rona.

849 4030 1010 4092 Volt.
1042 4029 1281 4090 AVesc.
1312 4048 1363 4087 s.
1397 4027 1583 4087 XIII
1612 4027 1737 4088 dec.
1769 4028 1807 4087 4
1835 4047 1898 4086 n.
1932 4026 1990 4087 8.
2024 4027 2198 4104 Oriq.

520 4227 659 4287 488.
2169 4223 2461 4298 Volterra,
2508 4223 2547 4284 6
2585 4224 2757 4284 Jum‘
2796 4225 2958 4286 1232

639 4322 1105 4394 MCCXXXII,
1162 4322 1295 4383 ind.
1339 4322 1419 4393 V,
1461 4320 1627 4383 VIII
1680 4320 1769 4382 id.
1815 4322 1948 4381 iun.
2049 4320 2427 4382 Bonfiliolus
2482 4322 2602 4404 qd.
2649 4321 2983 4400 Tedeschi,

519 4423 930 4503 Bonparente
992 4420 1101 4499 qd.
1168 4419 1516 4491 Bonefidei,
1582 4418 1911 4500 Galganus
1964 4418 2180 4491 iudex,
2241 4418 2564 4482 Gerardus
2618 4419 2811 4481 iudex
2866 4420 2980 4499 qd.

664 4626 705 4690 ι)
742 4629 854 4678 Der
889 4628 1134 4679 Pisonen
