4000 5700
1070 505 1507 559 REGESTUM
1546 503 2232 559 VOLATERRANUM
2779 507 2880 559 127

418 702 653 764 rebunt
695 700 1005 763 mandato
1048 721 1232 780 pape.
1341 701 1481 761 Act.
1526 701 1704 762 Vult.
1750 702 1815 761 in
1857 700 2050 761 choro
2107 700 2256 761 eccl.
2302 720 2352 760 s,
2398 702 2612 762 Marie.
2711 700 2876 761 Lan·

416 800 655 862 franco,
701 799 1092 861 IldibrandO.
1140 799 1442 859 Rainerio
1482 819 1623 860 can.
1667 819 1716 858 s,
1762 799 1977 858 Marie.
2029 798 2464 860 Bonincontro
2508 798 2715 859 iudice
2766 799 2876 877 qd.

422 896 750 958 Gnidonis.
797 896 1049 957 Iuliano
1089 895 1356 956 fornaio.
1442 895 1839 956 Isimbardus
1881 903 2015 956 not.

738 995 1002 1056 Flore-uz
1031 994 1185 1054 Ast.
1220 994 1413 1070 (Volt.
1443 994 1605 1055 1217
1633 994 1713 1054 II
1742 995 1840 1068 17,
1869 995 2110 1071 n„160)
2142 994 2314 1082 Ονίςγἶ

421 1190 559 1253 357.
2059 1191 2249 1263 Colle,
2280 1190 2362 1250 18
2386 1191 2666 1252 Februar
2693 1190 2876 1252 1218.

539 1290 676 1352 Nos
718 1289 1006 1350 homines
1048 1287 1129 1350 de
1185 1288 1410 1350 Colle
1466 1290 1749 1349 iuramus
1806 1295 2024 1349 tenere
2078 1295 2144 1348 et
2198 1289 2538 1350 observare
2592 1290 2878 1369 capitula

418 1389 801 1459 securitatiS,
830 1406 1028 1466 quam
1055 1385 1370 1446 habemus
1410 1406 1557 1447 cum
1600 1386 1967 1448 hominibus
1994 1393 2065 1447 et
2091 1390 2348 1448 comuni
2376 1389 2455 1449 de
2486 1388 2723 1450 Sancto
2753 1387 2876 1449 Ge·

418 1487 720 1557 minianu,
752 1491 827 1545 ut
869 1486 937 1544 in
977 1485 1172 1544 cartis
1215 1485 1565 1564 Beringerii
1588 1489 1632 1560 ¹)
1676 1485 1827 1545 olim
1870 1485 2098 1545 iudicis
2140 1491 2206 1545 et
2246 1492 2381 1546 not.
2413 1489 2782 1547 continetur
2805 1491 2873 1564 ⁹).

416 1584 559 1645 Act.
603 1585 670 1644 in
711 1589 924 1644 castro
963 1582 1044 1643 de
1085 1583 1277 1644 Colle.
1357 1582 1744 1656 MCCXVII,
1788 1583 1919 1645 ind.
1965 1583 2080 1657 VI,
2127 1583 2262 1644 XII
2304 1584 2429 1645 kal.
2474 1591 2663 1646 mart.
2750 1586 2872 1647 Bo·

418 1702 758 1743 naccorsus
797 1688 934 1742 not.

736 1781 871 1841 San
900 1780 1279 1856 Gimiqnano
1307 1780 1543 1841 AGom.
1574 1781 1756 1841 Liber
1783 1781 2040 1842 blancus
2068 1780 2148 1841 19
2190 1779 2344 1859 Cop.
2388 1799 2438 1840 s.
2483 1779 2673 1841 XIII
2714 1780 2874 1842 med.

736 1878 887 1954 Ray.
928 1878 1291 1938 Davideolm
1331 1878 1773 1956 Forschunqe‘n
1799 1880 1877 1939 II
1910 1880 1950 1940 9
1974 1899 2041 1940 n.
2070 1880 2131 1941 2.

418 2077 555 2137 358.
2045 2074 2338 2146 Vellem-a,
2369 2074 2452 2135 19
2478 2075 2665 2136 Miirz
2689 2073 2871 2136 1218.

536 2173 673 2233 Nos
714 2170 1121 2233 Rubaldinus
1162 2172 1269 2252 qd.
1315 2170 1701 2250 Scorcialupi
1757 2178 1826 2233 et
1865 2170 2170 2231 Albertus
2225 2171 2459 2232 Bifulci
2512 2171 2739 2232 arbitri
2791 2191 2873 2234 ex

415 2271 875 2349 compromisso
913 2270 1100 2331 electi
1141 2291 1181 2331 a
1228 2269 1509 2330 Fortone
1563 2275 1632 2329 et
1685 2269 1987 2348 Pasquali
2045 2269 2153 2348 qd.
2197 2270 2497 2329 Fortonis
2551 2276 2621 2330 et
2674 2268 2872 2330 Scuto

415 2370 662 2431 sindico
700 2369 1069 2430 comunis
1111 2367 1325 2430 Vult.
1369 2367 1752 2428 diffinimus:
1797 2367 2077 2428 sindicus
2106 2368 2398 2428 comunis
2427 2368 2513 2429 ad
2540 2369 2664 2429 kal.
2695 2367 2869 2429 mad.

414 2466 628 2527 solvat
668 2467 758 2525 eis
786 2464 894 2526 lib.
925 2464 1126 2526 XXX
1154 2465 1296 2525 den.
1326 2464 1527 2536 Vult„
1572 2483 1735 2543 quas
1764 2469 1998 2542 petunt
2029 2484 2148 2544 pro
2173 2464 2389 2538 fende,
2421 2471 2489 2525 et
2517 2465 2628 2526 lib.
2660 2465 2726 2527 X
2755 2485 2877 2544 pro

412 2565 727 2643 expensiS,
772 2565 925 2643 quia
966 2568 1286 2624 steterunt
1329 2582 1476 2623 cum
1518 2561 1974 2623 Ildebrandino
2016 2563 2244 2623 Romei
2290 2561 2441 2623 olim
2473 2562 2652 2624 Vult.
2691 2570 2869 2643 pote-

413 2668 585 2724 state
626 2681 742 2742 pro
783 2661 1128 2722 balistariis
1168 2660 1484 2721 Vulterris
1517 2665 1584 2719 et
1624 2659 1800 2738 apud
1843 2660 2132 2740 Nigram,
2176 2667 2370 2738 prout
2413 2660 2872 2740 Ildebrandino

412 2760 730 2839 placebat,
774 2759 858 2820 ad
906 2760 1240 2820 servitium
1288 2760 1578 2819 comunis
1625 2765 1694 2818 et
1742 2760 2125 2837 promissum
2174 2759 2303 2819 fuit
2349 2760 2440 2820 eis
2489 2778 2607 2839 pro
2654 2778 2872 2820 mense

411 2858 520 2921 lib.
550 2858 662 2919 VI.
732 2858 886 2919 Dat.
910 2856 1087 2917 Vult.
1113 2859 1178 2918 in
1205 2855 1402 2917 domo
1423 2855 1698 2917 filiorum
1724 2858 2184 2936 Borgognonis.
2270 2857 2689 2918 Borrieovero
2708 2857 2869 2919 Min-

411 2956 704 3036 gardelle.
753 2957 1053 3017 Rainerio
1093 2956 1199 3034 qd.
1242 2955 1609 3017 Paltonerii.
1656 2955 1983 3017 Ubaldino
2040 2955 2346 3017 Sassonis.
2408 2955 2683 3017 Strenua
2741 2956 2869 3017 Bu-

410 3055 672 3116 rasselli.
758 3054 1141 3125 MCCXVII,
1188 3054 1317 3114 ind.
1362 3053 1475 3126 VI,
1520 3053 1731 3114 XIIII
1765 3053 1890 3113 kal.
1934 3073 2072 3131 apr.
2156 3054 2500 3115 Donzellus
2528 3056 2681 3134 imp.
2726 3055 2875 3116 aule

413 3152 608 3214 iudex
649 3152 785 3213 ord.
830 3158 893 3212 et
938 3158 1071 3212 not.

731 3250 994 3311 Florenz
1021 3249 1177 3310 Ast.
1211 3249 1404 3326 (Volt.
1433 3250 1596 3311 1217
1625 3250 1702 3309 ΙΙ
1731 3250 1829 3323 19,
1861 3270 1924 3309 n.
1955 3250 2100 3326 163)
2130 3249 2304 3327 Oriq.

414 3448 551 3507 359.
2036 3446 2327 3517 Volterra,
2360 3446 2441 3508 29
2470 3446 2660 3524 April
2689 3447 2870 3509 1218.

529 3542 952 3616 MCCXVIII,
977 3541 1082 3602 III
1110 3542 1235 3602 kal.
1266 3544 1415 3615 mai,
1447 3541 1575 3603 ind.
1605 3542 1719 3605 VI.
1790 3541 2065 3617 Quando
2095 3543 2864 3622 Fraiepanis(Vult.

410 3646 599 3720 pot.)
643 3641 881 3701 iuravit
922 3646 1224 3720 precepta
1269 3640 1623 3715 (Iohannis)
1685 3641 1831 3702 abb.
1877 3661 1925 3700 s,
1973 3640 2244 3719 Galgani
2300 3647 2366 3701 et
2424 3641 2868 3720 (Florenzetti)

410 3740 718 3818 prepositi
746 3738 827 3798 de
854 3738 1097 3799 Casulis
1131 3737 1566 3816 delegatorum
1605 3758 1789 3817 pape,
1823 3743 2221 3817 protestatus
2249 3743 2349 3799 est
2375 3758 2540 3817 pres.
2573 3739 2869 3820 (Iacobo)

409 3836 587 3899 Vult.
630 3835 1038 3915 archipresb„
1082 3834 1457 3896 Ildibrando
1497 3842 1564 3896 et
1605 3837 1908 3897 Rainerio
1950 3856 2114 3908 can„
2159 3837 2334 3916 quod
2389 3838 2626 3898 iuravit
2671 3828 2867 3900 salvis

410 3935 787 4009 rationibu3‚
818 3954 981 4014 quas
1008 3954 1123 4012 pro
1152 3954 1422 3995 comune
1456 3934 1654 3996 habet
1681 3939 1747 3997 in
1775 3937 2022 4007 castriS‚
2053 3934 2133 3996 de
2163 3936 2397 4014 quibus
2426 3936 2502 3997 lis
2530 3944 2648 3998 est.
2721 3939 2867 4001 Act.

412 4034 586 4095 Vult.
629 4035 695 4093 in
735 4032 887 4093 eccl.
930 4051 977 4091 s,
1022 4031 1239 4093 Marie.
1324 4031 1722 4093 Isimbardus
1765 4053 1811 4092 s.
1856 4036 2009 4111 imp.
2054 4040 2190 4094 not.

725 4131 988 4192 Florem
1015 4130 1167 4192 Ast.
1201 4131 1389 4207 (Volt.
1420 4151 1481 4192 n.
1513 4132 1656 4207 177)
1687 4131 1859 4209 Oriq.

410 4325 547 4387 360.
2230 4327 2408 4402 Pisa,
2439 4328 2480 4389 3
2507 4328 2656 4391 Mai
2681 4329 2863 4391 1218

530 4422 953 4484 Baldinaccus
992 4421 1036 4481 f.
1079 4421 1185 4502 qd.
1229 4421 1506 4483 Rolandi
1553 4422 1833 4484 Bicencii
1859 4424 2246 4487 castellanus
2273 4424 2512 4485 electus
2539 4426 2620 4486 de
2653 4434 2869 4487 castro

407 4519 580 4582 Nera
607 4539 804 4599 prope
832 4520 1203 4582 Vulterras
1185 4519 1549 4599 1ur0,quod
1578 4521 1665 4581 ad
1690 4520 1997 4582 honorem
2027 4521 2296 4583 Honorii
2340 4542 2525 4600 pape,
2571 4523 2870 4584 Romane

555 4729 595 4793 ¹)
638 4732 773 4782 1199
812 4728 904 4778 XI
943 4731 1027 4787 24,
1064 4730 1197 4780 oben
1233 4745 1289 4779 n.
1330 4731 1450 4780 251.
1598 4729 1639 4791 ²)
1678 4729 1885 4793 Polym
1918 4729 2210 4781 malr-aione
2234 4729 2470 4780 Nomen.
