4000 5700
1084 498 1526 554 REGESTUM
1566 497 2252 553 VOLATERRANUM
2821 501 2893 554 93

433 694 570 755 269
2177 694 2354 768 Rom,
2399 695 2478 756 14
2518 696 2665 757 Juli
2706 696 2884 758 1204.

551 790 585 851 I
602 809 646 850 n
662 810 705 850 n
721 810 760 851 o
774 809 808 851 c
823 810 858 851 e
874 810 917 849 n
934 792 996 850 ti
1016 810 1057 849 u
1073 811 1102 848 s
1145 790 1174 851 I
1194 791 1227 851 Ι
1245 790 1349 865 1¹)
1379 791 1701 852 canonicis
1724 791 1896 851 Vult.
1968 790 2226 852 Gratias
2246 792 2402 870 agit,
2427 792 2602 869 qnod
2626 793 2886 853 Petrum

431 888 510 949 de
550 888 773 949 Monte
812 889 1185 967 scriptorem
1215 893 1285 950 et
1310 887 1689 950 familiarem
1718 908 1907 950 suum
1937 888 2230 967 precibus
2258 889 2386 951 suis
2416 890 2484 949 in
2509 891 2886 952 canonicum

434 994 827 1065 receperunt,
870 994 947 1047 ut
986 1005 1100 1065 per
1140 983 1389 1048 litteras
1432 984 1551 1046 sibi
1580 987 1856 1048 directas
1883 993 1950 1048 et
1978 986 2200 1047 eodem
2235 986 2543 1065 magistro
2578 987 2888 1048 referente

430 1084 763 1162 comperit.
805 1083 1099 1156 Mandat,
1123 1085 1601 1163 quatenusipsi,
1624 1085 1736 1161 qui
1752 1085 1841 1144 eis
1863 1084 1928 1143 in
1952 1084 2171 1144 multis
2194 1103 2328 1145 esse
2349 1086 2589 1164 poterit
2603 1086 2883 1147 fructuo-

430 1201 556 1253 sus,
587 1180 835 1242 fructus
864 1180 1186 1260 prebende
1214 1200 1327 1241 sue
1368 1181 1653 1260 integros
1679 1182 2025 1258 assignent,
2056 1201 2138 1241 ne
2167 1182 2246 1242 de
2280 1188 2491 1242 cetero
2532 1183 2754 1243 durius
2795 1184 2885 1242 eis

430 1278 619 1341 scribi
639 1285 890 1358 cogant.
935 1299 963 1338 α
985 1279 1332 1340 Devotioni
1352 1285 1571 1339 vestre
1584 1299 1628 1340 t.
1673 1279 1824 1340 Dat.
1852 1280 2152 1340 Laterani
2175 1279 2243 1341 II
2269 1279 2349 1340 id.
2379 1280 2507 1352 iul.‚
2533 1289 2709 1360 pont.
2735 1280 2879 1342 VII.

756 1376 908 1439 Volt.
956 1375 1174 1454 ACap.
1219 1376 1454 1438 218bis
1496 1376 1665 1453 Oriy.
1715 1376 1919 1450 (Bulle
1966 1396 2053 1436 an
2110 1376 2517 1454 Hantschnur
2570 1378 2880 1453 verloren).

427 1574 563 1635 270.
2050 1574 2253 1648 (Nack
2296 1565 2374 1636 '14
2414 1575 2560 1635 Juli
2601 1575 2785 1651 1204)
2813 1579 2877 1652 ').

545 1670 941 1732 Testimonia
981 1672 1051 1731 in
1091 1690 1286 1732 causa
1327 1670 1408 1731 de
1463 1670 1910 1731 controversiis
1965 1672 2391 1733 existentibus
2446 1672 2613 1733 inter
2675 1671 2878 1735 Ilde-

427 1769 682 1831 brand
705 1788 826 1829 um
870 1789 966 1848 ep.
1010 1776 1078 1830 et
1119 1767 1477 1848 capitulum
1521 1768 1694 1828 Vult.
1741 1770 1912 1829 cirea
1939 1770 2037 1829 ius
2065 1770 2337 1849 eligendi
2380 1772 2739 1845 canonicos,
2771 1791 2875 1832 ex-

425 1872 613 1948 cepta
654 1886 869 1928 coram
912 1866 1121 1927 iudice
1164 1865 1401 1946 ignoto.
1447 1866 1629 1927 Inter
1671 1873 1900 1927 testes:
1947 1865 2373 1930 Ildebrandus
2428 1867 2657 1929 Todini
2712 1869 2874 1931 diac.

424 1975 489 2026 et
544 1984 705 2038 can„
762 1961 1148 2025 Tholomeus
1209 1983 1367 2036 can,
1414 1963 1718 2042 magister
1778 1964 2071 2025 Mitidius
2125 1984 2286 2038 can„
2348 1966 2530 2027 Piero
2591 1965 2876 2029 medicus

423 2082 718 2143 episcopi.

748 2160 901 2222 Volt.
948 2159 1165 2238 ACap.
1211 2181 1270 2220 n.
1317 2160 1436 2221 184
1477 2160 1645 2238 Orio.
1730 2161 1844 2220 Ed.
1879 2160 2178 2221 Leoncini
2224 2164 2370 2236 (nur
2411 2162 2589 2222 einen
2633 2161 2871 2223 kleinen

742 2258 881 2317 Teil
922 2257 1026 2317 der
1068 2265 1260 2318 erstem
1304 2257 1635 2334 Aussaqe).

417 2454 554 2518 271.
1946 2452 2149 2512 Piorti
2172 2454 2240 2528 ⁸,)
2283 2451 2365 2513 23
2405 2452 2654 2530 Anqust
2693 2453 2869 2516 1204

537 2551 870 2623 MCCIIII,
916 2551 979 2610 X
1023 2549 1147 2609 kal.
1192 2555 1378 2628 sept„
1424 2548 1549 2609 ind.
1594 2547 1740 2610 VII.
1841 2548 2152 2627 Ugolinus
2194 2555 2260 2609 et
2299 2549 2720 2628 Ingheramus
2762 2552 2867 2630 qd.

414 2649 664 2711 Alberti
704 2648 1022 2710 dederunt
1062 2647 1388 2708 consuli
1429 2647 1640 2708 Vult.
1674 2646 2046 2708 Bubaldino
2075 2648 2332 2708 nomine
2361 2649 2649 2709 comunis
2683 2668 2868 2712 suam

412 2753 667 2828 partem
710 2747 905 2808 castri
947 2746 1027 2806 de
1066 2743 1309 2808 Caselle
1353 2745 1436 2805 ad
1475 2746 1733 2824 plenam
1789 2745 2313 2818 iurisdictionem,
2359 2747 2608 2807 datium
2665 2749 2867 2827 impo-

412 2846 717 2919 nendum,
761 2845 1186 2923 tegimentum
1229 2842 1620 2904 mittendum
1664 2852 1729 2906 et
1782 2851 2088 2923 precepta
2143 2842 2475 2905 consulum
2531 2841 2631 2906 vel
2683 2851 2861 2925 pote·

409 2943 602 3003 statis
631 2943 1009 3013 iurandum;
1051 2960 1191 3020 pen.
1237 2940 1285 3002 C
1328 2939 1456 3013 lib.;
1500 2943 1931 3019 promiserunt
1956 2960 2107 3002 suos
2135 2939 2422 3002 homines
2448 2949 2516 3002 et
2543 2938 2759 3003 fideles
2789 2943 2868 3004 de

408 3038 650 3099 Caselle
689 3037 899 3099 facere
940 3038 1146 3098 iurare
1187 3045 1493 3116 precepta
1532 3036 1866 3099 consulum
1899 3039 1994 3099 vel
2028 3038 2371 3117 potestatis
2399 3045 2465 3098 et
2494 3039 2611 3118 ipsi
2641 3040 2863 3100 eadem

407 3137 818 3206 iuraverunt3
863 3136 1101 3196 iuravit
1143 3134 1457 3213 Ugolinus
1497 3134 1746 3196 salvare
1788 3135 2205 3195 Vulterranos
2248 3134 2312 3193 in
2355 3140 2500 3197 tota
2536 3134 2735 3198 fortia
2785 3138 2865 3198 de

407 3230 671 3304 Caselle,
712 3241 983 3311 excepto
1023 3233 1077 3293 si
1118 3233 1350 3293 civitas
1392 3233 1626 3293 Pisana
1669 3232 1768 3293 vel
1810 3234 2186 3311 capitaneus
2228 3235 2363 3294 eius
2405 3251 2551 3294 cum
2581 3236 2861 3294 exercitu

407 3328 503 3390 ibi
521 3331 968 3409 equitaverint.
1054 3331 1221 3390 Acta
1249 3329 1480 3391 subtus
1507 3329 1768 3391 Fiorlim
1798 3351 2027 3410 parum
2056 3332 2240 3411 longe
2270 3330 2358 3403 ab¹
2380 3330 2511 3391 Era
2538 3332 2606 3391 in
2633 3350 2863 3410 campo

408 3426 537 3504 q.d.
567 3426 850 3506 Campus
878 3427 961 3487 ad
989 3412 1251 3487 Musleo.
1317 3426 1676 3487 Pinochius.
1721 3426 2168 3488 Cancellarius.
2213 3426 2560 3489 Africante.
2596 3426 2865 3489 Michele

408 3524 523 3586 filii
566 3524 849 3586 Pinochi.
894 3519 1205 3603 Ugolinus
1262 3523 1346 3585 de
1385 3521 1446 3584 la
1490 3525 1721 3585 Pietra.
1765 3524 2106 3586 Saladinus
2148 3525 2469 3605 prebanus
2508 3526 2588 3585 de
2647 3526 2862 3589 Orcia-

408 3623 539 3683 tico
582 3628 657 3683 tt.
744 3621 1131 3684 Benedictus
1174 3621 1365 3683 iudex
1408 3621 1541 3682 ord.
1588 3629 1784 3701 atque
1828 3620 2105 3683 tabellio,

728 3722 984 3781 Florenz
1025 3720 1175 3781 Ast.
1225 3721 1410 3796 (Volt.
1454 3742 1515 3781 n..
1566 3721 1665 3797 78)
1709 3720 1878 3798 Oriq.
1924 3722 2058 3781 und
2096 3721 2506 3800 qleichzeitiqe
2547 3721 2698 3800 Cep.

404 3916 545 3978 272.
1380 3926 1392 3942 ⁰
1733 3916 1810 3975 M
1811 3918 2139 3992 anteverde,
2184 3918 2264 3978 14
2304 3918 2639 3979 November
2679 3918 2854 3980 1204.

484 4014 843 4093 [MCCIIIL
887 4014 1016 4075 ind.
1062 4014 1347 4094 VIII]⁴),
1394 4014 1625 4076 XVIII
1680 4015 1804 4077 kal.
1850 4016 1979 4076 dec.
2067 4017 2283 4077 iurant
2326 4015 2520 4076 XXV
2570 4015 2861 4109 homines

402 4112 598 4174 castri
626 4110 707 4170 de
733 4110 1160 4173 Monteviride
1186 4109 1433 4173 salvare
1462 4112 1505 4172 h
1522 4112 1828 4174 omines
1869 4111 1962 4172 de
2007 4112 2218 4174 Vult.
2249 4111 2464 4193 eisque
2490 4113 2698 4174 facere
2720 4131 2856 4174 suc-

548 4362 592 4425 ¹)
628 4362 707 4412 Ee
742 4362 893 4412 kann
927 4363 1042 4413 sich
1077 4362 1169 4413 der
1204 4362 1403 4425 Solu-ist
1439 4363 1577 4413 nach
1612 4379 1719 4414 nur
1753 4379 1849 4413 um
1884 4363 1984 4415 ilm
2019 4364 2141 4414 odor
2177 4364 2443 4414 Innocens
2465 4362 2557 4414 IV
2594 4363 2857 4420 lundein,-

402 4450 573 4500 ἀίω-ον
607 4465 718 4501 war
740 4451 822 4501 im
850 4453 879 4500 7
904 4449 1074 4500 Jahn
1109 4452 1175 4502 in
1208 4452 1377 4514 hyon„
1560 4452 1603 4514 ¹)
1650 4451 1785 4502 Woil
1820 4457 1999 4514 apator
2035 4452 2118 4502 ale
2156 4468 2209 4502 n.
2251 4453 2371 4503 269.
2443 4451 2562 4501 Das
2596 4451 2852 4514 umlanq-

401 4538 572 4589 reccho
606 4538 721 4589 und
756 4539 1102 4589 immutante
1138 4538 1468 4589 Aktenstilck
1505 4540 1639 4589 wir-d
1674 4539 1797 4589 ba'd
1818 4555 1895 4589 an
1917 4540 2139 4590 anderrn
2176 4540 2298 4590 Ores
2319 4538 2698 4603 voedffcntlioht
2732 4538 2849 4589 und

403 4628 647 4679 &lauteri
682 4627 901 4678 werden.
1067 4626 1111 4692 ⁸)
1147 4628 1321 4679 Home
1357 4628 1691 4689 verschollen,
1727 4630 1925 4679 unweit
1969 4630 2222 4680 Vo'terra.
2385 4629 2430 4693 ⁴)
2467 4628 2697 4681 Ζονείὗνι
2730 4629 2848 4679 und

401 4732 504 4767 aus
539 4719 659 4767 dem
694 4717 918 4780 Spoqlio
955 4722 1179 4780 ενρᾶηιε.
