4000 5700
1148 542 1595 599 REGESTUM
1633 543 2321 599 VOLA'IERRANUM
2857 543 2963 597 301

503 741 770 803 Pratum
814 747 1159 820 exceptato
1212 739 1485 801 articulo
1543 740 1674 801 MM
1730 759 2042 818 equorum
2098 739 2653 819 imponendorum‚
2711 741 2778 802 in
2831 711 2963 820 quo

502 837 708 898 noluit
755 836 1073 898 ullatenus
1114 836 1493 903 consentire.
1577 837 1725 897 Act.
1766 835 1949 898 Senis
1992 838 2059 897 in
2101 837 2366 916 palatie,
2408 836 2476 897 in
2519 857 2648 918 quo
2674 844 2963 899 moratur

500 941 806 1013 potestas.
893 935 1253 996 Benincasa
1294 933 1506 1013 legum
1552 933 1833 996 doctore.
1874 934 2227 996 Tomasino
2268 935 2592 997 Bonianni
2633 934 2713 997 de
2755 936 2964 997 Aritio

501 1038 584 1092 tt.
667 1030 1153 1103 MOCLXXXI,
1197 1032 1331 1093 ind.
1375 1033 1461 1105 X,
1504 1030 1608 1125 die
1649 1031 1896 1093 veneris
1938 1030 2072 1091 XX
2113 1030 2242 1091 feb.

1720 1216 2000 1289 Plorenz,
2045 1217 2124 1278 21
2168 1217 2299 1277 und
2340 1217 2421 1279 22
2461 1217 2740 1279 Februar
2780 1219 2960 1280 1282.

622 1314 859 1376 Postea
884 1314 1217 1376 Landinus
1240 1315 1306 1376 in
1321 1316 1650 1394 presentia
1679 1313 1970 1394 Iacopini
1990 1314 2073 1375 de
2096 1314 2375 1377 Bovillia
2403 1316 2750 1394 potestatis
2793 1316 2955 1378 Flor.

503 1412 669 1473 dixit
709 1413 1017 1474 similiter.
1102 1414 1246 1474 Act.
1290 1412 1455 1473 Flor.
1501 1413 1567 1473 in
1607 1414 1853 1491 palatio
1880 1417 2190 1474 comunis.
2276 1412 2610 1475 Guartano
2654 1414 2854 1474 milite
2882 1415 2963 1475 de

503 1511 713 1589 Piglis.
759 1510 1159 1573 Francescho
1202 1511 1283 1572 de
1325 1510 1625 1573 Certaldo
1668 1518 1803 1571 not.
1851 1511 2061 1572 XIIII
2106 1510 2378 1572 de'Flor.
2427 1517 2504 1572 tt.
2590 1512 2712 1573 Die
2752 1511 2965 1573 sabati

505 1608 674 1669 XXI
718 1605 844 1669 feb.

625 1709 852 1770 Coram
898 1707 1311 1769 Nicholuccio
1352 1706 1433 1767 de
1475 1706 1626 1767 Esio
1655 1707 1996 1785 capitaneo
2023 1706 2189 1768 Flor.
2220 1706 2390 1767 dixit
2416 1708 2726 1769 similiter.
2814 1709 2956 1768 Act.

502 1803 668 1866 Flor.
699 1806 766 1864 in
796 1804 1059 1883 palatiO,
1091 1805 1204 1865 ubi
1232 1809 1521 1866 moratur
1549 1805 1946 1883 capitaneus.
2031 1804 2383 1883 Meglorato
2412 1805 2620 1866 iudice
2642 1804 2722 1865 de
2744 1807 2959 1868 PratO.

502 1904 791 1966 Iohanne
831 1910 964 1965 not.
1008 1903 1113 1983 qd.
1158 1886 1466 1965 Iohannis
1506 1904 1586 1964 de
1627 1902 1854 1964 Castro
1894 1902 2266 1965 Florentino
2310 1910 2387 1965 tt.
2474 1903 2595 1964 Die
2636 1904 2961 1965 dominico

507 2001 708 2063 XXII
750 2001 874 2063 feb.
959 2002 1285 2082 Galganus
1326 2002 1433 2079 qd.
1479 2002 1761 2062 Bononis
1800 2001 1881 2062 de
1923 2000 2099 2062 Vult.
2144 2009 2275 2062 not.

821 2099 1083 2160 Florem
1123 2099 1278 2161 Ast.
1327 2099 1520 2174 (Vozt.
1564 2098 1723 2159 1281
1768 2098 1844 2157 II
1894 2098 1951 2169 8,
1996 2098 2153 2158 ohne
2192 2098 2519 2175 Nummer)
2563 2100 2731 2177 Oriq.

504 2290 643 2350 895.
2140 2286 2380 2355 Λνεκεο,
2424 2287 2506 2347 30
2547 2288 2739 2365 April
2779 2288 2957 2350 1282.

626 2386 1018 2461 Bonsignore
1061 2383 1453 2461 primicerius
1496 2383 1819 2453 Anninus,
1866 2402 2032 2461 pape
2089 2382 2280 2444 iudex
2335 2382 2686 2461 delegatae,
2730 2384 2958 2445 subde·

506 2486 753 2562 legatus
799 2483 1038 2543 Donati
1081 2502 1217 2541 can.
1268 2482 1441 2541 Aret.
1485 2500 1652 2559 pape
1696 2480 1922 2541 iudicis
1963 2480 2261 2559 delegati,
2306 2488 2371 2541 et
2427 2482 2709 2561 Angelus
2751 2482 2954 2561 plebis

504 2602 549 2641 s.
600 2582 796 2642 Marie
840 2581 1015 2640 Aret.
1059 2598 1199 2640 can.
1258 2578 1712 2653 condelegatus
1769 2579 1834 2638 in
1889 2598 2085 2640 causa
2141 2580 2308 2639 inter
2363 2579 2802 2641 Ranerium
2851 2601 2953 2659 ep.

503 2678 676 2739 Vult.
708 2682 774 2736 et
803 2682 1215 2756 potestatem,
1247 2677 1658 2753 capitaneum
1688 2682 1756 2736 et
1785 2675 2016 2740 XIIII.
2049 2676 2381 2737 consilium
2412 2683 2477 2736 et
2519 2697 2788 2739 comune
2815 2678 2957 2738 Flo·

505 2775 789 2836 rentinos
829 2793 1020 2853 super
1062 2779 1274 2835 castro
1315 2772 1397 2833 de
1437 2771 1803 2834 Pulicciano
1846 2773 2023 2834 Vult.
2053 2774 2215 2834 dioc.
2248 2780 2538 2836 vertente
2581 2795 2723 2835 cum
2758 2774 2958 2837 Uber·

504 2875 677 2934 tinus
721 2871 1114 2951 Angellerius
1141 2870 1405 2932 Strozza
1433 2870 1624 2931 iudex
1652 2891 1762 2932 seu
1791 2871 2095 2951 syndicus
2123 2868 2288 2933 Flor.
2319 2872 2404 2933 ad
2434 2870 2715 2934 libellum
2737 2873 2960 2936 Fructi

501 2978 636 3033 not.
682 2971 843 3030 civis
884 2970 1062 3029 Aret.
1106 2970 1535 3047 procuratoris
1588 2967 1851 3030 Ranerii
1893 2989 2020 3030 11011
2077 2969 2526 3048 respondisset,
2582 2971 2695 3030 sed
2736 2970 2960 3032 frivole

505 3067 889 3149 appellasset
931 3086 1043 3127 nec
1088 3067 1298 3127 Cenne
1339 3072 1471 3126 not.
1516 3064 1627 3143 qd.
1671 3066 1947 3145 Ugolini,
1991 3068 2104 3145 qui
2147 3086 2211 3127 se
2268 3074 2742 3146 procuratorem
2790 3069 2955 3129 Flor.

503 3168 714 3228 minus
756 3165 1068 3243 legittime
1110 3163 1454 3234 asserebat,
1501 3183 1646 3224 eum
1690 3184 1730 3224 a
1759 3166 2172 3226 contumacia
2212 3169 2562 3243 purgasset,
2594 3166 2705 3226 sed
2735 3165 2953 3230 eodem

501 3282 708 3325 errore
749 3261 976 3322 frivole
1016 3259 1421 3339 appellasset,
1467 3260 1862 3323 Iacominum
1907 3261 1988 3323 de
2032 3262 2314 3324 Rodillia
2339 3269 2753 3342 potestatem,
2793 3264 2957 3325 Pau·

502 3363 635 3423 lum
676 3361 1082 3439 capitaneum
1142 3357 1333 3431 Flor.‚
1394 3357 1623 3426 XIIII,
1680 3359 2012 3420 consilium
2056 3359 2700 3422 'excommunicamus
2757 3368 2824 3421 et
2872 3363 2956 3422 ad

504 3458 869 3519 moderatas
909 3475 1222 3535 expensas
1260 3455 1824 3534 condempnamuS.
1911 3459 2078 3518 Lata
2118 3458 2293 3536 apud
2336 3461 2710 3520 canonicam
2755 3461 2958 3520 Areti-

504 3577 672 3619 nam.
757 3553 1278 3625 MOCLXXXII,
1322 3553 1606 3615 Mai-tino
1647 3554 1789 3616 IIII
1819 3556 2157 3628 residente,
2187 3556 2292 3617 die
2322 3557 2484 3617 iovis
2526 3558 2756 3618 ultimo
2801 3577 2955 3636 apr.,

503 3656 630 3717 ind.
677 3654 763 3716 X.
847 3651 1152 3714 stefanus
1192 3652 1299 3729 qd.
1346 3651 1618 3730 Aquiste
1659 3651 1739 3713 de
1783 3653 2001 3714 Aretio
2045 3660 2180 3715 not.

831 3750 983 3812 Volt.
1031 3750 1268 3811 AVesc.
1311 3769 1360 3810 s.
1415 3748 1599 3808 XIII
1642 3748 1765 3810 dec.
1810 3751 1851 3810 9
1892 3771 1952 3811 n.
1998 3752 2077 3812 44
2133 3752 2305 3829 Θήρ.
2401 3753 2750 3830 Verqleiche
2805 3753 2954 3815 Glae-

821 3848 995 3909 rardi
1037 3847 1327 3908 Consulte
1369 3846 1407 3906 I
1450 3846 1545 3908 86.

503 4039 641 4099 896
1928 4035 2109 4107 Pisa,
2152 4036 2232 4097 17
2273 4036 2407 4098 und
2447 4037 2528 4097 19
2565 4039 2735 4099 Juni
2776 4037 2953 4100 1282.

622 4128 1137 4200 MCCLXXXII,
1185 4127 1316 4188 ind.
1363 4129 1446 4198 X,
1489 4128 1595 4190 die
1637 4132 1929 4191 mercurii
1972 4132 2172 4194 XVII
2214 4134 2345 4194 iun.
2434 4132 2776 4194 Barzettus
2821 4142 2951 4194 not.

502 4232 611 4311 qd.
656 4229 924 4305 Galgani
966 4227 1049 4288 de
1092 4226 1293 4300 Vult.,
1339 4226 1752 4288 ambaxiator
1790 4247 1938 4288 cum
1981 4229 2331 4290 Gualfredo
2386 4230 2821 4293 Caeciae-ontis
2875 4232 2955 4293 de

503 4329 677 4391 Vult.
723 4346 865 4405 pro
893 4345 926 4385 c
944 4344 1120 4386 omu
1143 4326 1222 4385 ni
1251 4323 1492 4398 Vult.,
1523 4325 1606 4385 ad
1636 4345 1907 4388 comune
1936 4327 2110 4389 Pis.
2094 4348 2161 4388 ir.
2189 4330 2514 4407 presentia
2539 4332 2953 4390 anzianorum

502 4428 629 4489 Pis.
673 4421 965 4486 comunis
1006 4423 1073 4483 in
1116 4422 1361 4501 palatio
1401 4423 1624 4502 populi
1679 4423 1806 4483 Pis.
1865 4424 2309 4502 respondendo
2368 4424 2731 4487 ambassate
2784 4425 2957 4487 facte

500 4543 705 4605 nuper
745 4522 814 4584 in
854 4520 1112 4581 comuni
1141 4518 1312 4580 Vult.
1347 4539 1461 4598 pro
1490 4521 1748 4581 comuni
1778 4521 1902 4581 Pis.
1935 4541 2048 4599 per
2086 4521 2640 4585 Lanfranchinum
2684 4522 2954 4584 militem

501 4633 568 4687 et
609 4619 1021 4685 Guilielmum
1062 4619 1341 4680 iudicem
1401 4618 1481 4679 de
1543 4618 1669 4682 Pis.
1713 4638 1829 4698 pro
1891 4619 2069 4681 facto
2123 4621 2203 4682 de
2252 4621 2498 4683 Ceddre
2537 4622 2722 4691 dixit,
2779 4622 2953 4701 quod

500 4722 790 4785 homines
830 4716 911 4777 de
952 4715 1195 4778 Ceddre
1236 4724 1391 4779 sunt
1431 4722 1497 4778 et
1536 4717 1798 4779 fuerunt
1839 4718 2168 4780 censuales
2209 4720 2498 4780 comunis
2540 4718 2737 4793 Vult.;
2783 4721 2954 4800 capi·
