4000 5700
1216 466 1322 519 334
1861 464 2243 520 REGESTU
2253 466 2313 517 Μ
2351 466 3035 538 VOLATERRANUM

1212 663 1470 723 comuni
1510 661 1688 723 Vult.
1774 662 2169 724 Litterarum
2214 668 2574 724 vestrarum
2616 670 2685 724 et
2728 663 3271 724 ambasciatorum
3316 670 3683 724 vestrorum

1211 760 1647 840 propositione
1688 759 2018 820 intellecta
2060 759 2518 839 respondemus
2546 766 2615 821 et
2646 762 2798 822 visis
2826 768 2893 820 et
2922 761 3221 821 discussis
3250 759 3502 821 iuribus
3533 758 3683 821 Gui-

1212 857 1396 919 donis
1436 856 1696 918 abbatis
1738 876 1910 920 mon.
1954 877 2004 917 s.
2051 856 2225 918 Petri
2269 857 2352 918 de
2392 858 2805 921 Monteviridi
2859 857 3164 919 exhibitis
3217 877 3438 919 coram
3500 857 3683 919 nobis

1211 955 1282 1015 in
1319 956 1643 1034 presentia
1688 954 2019 1032 (Rolandi)
2066 974 2168 1034 ep.
2212 953 2496 1016 Massani
2538 955 2949 1017 notificamus
2991 954 3351 1017 Guidonem
3390 955 3539 1015 fore
3583 975 3683 1014 ve·

1211 1153 1347 1212 iore
1386 1151 1750 1230 provisum;
1795 1149 2413 1232 processum—'itaque
2446 1152 2837 1213 auctoritate
2864 1158 3086 1212 nostra
3107 1151 3261 1213 olim
3287 1152 3548 1215 factum
3578 1171 3687 1230 per

1215 1247 1634 1323 (Rolandum)
1680 1267 1780 1326 ep.
1829 1248 2015 1307 Maffi.
2065 1247 2451 1310 mandatum
2494 1268 2683 1309 suum
2727 1250 2953 1327 utique
3000 1248 3439 1320 excedentem,
3488 1256 3687 1327 prout

1212 1366 1290 1407 ex
1333 1345 1563 1406 litteris
1603 1347 1840 1406 nostris
1881 1344 2004 1405 sibi
2048 1345 2133 1405 ad
2176 1348 2557 1407 instantiam
2587 1345 2797 1408 Bondi
2825 1366 2893 1407 se
2924 1347 3083 1408 falso
3110 1349 3453 1409 asserentis
3482 1347 3682 1407 abba·

1212 1450 1344 1504 tem
1386 1440 1645 1504 directis
1686 1442 2027 1523 colligitur,
2060 1450 2288 1504 contra
2317 1463 2433 1504 vos
2461 1450 2675 1523 preter
2703 1449 2990 1504 nostram
3019 1446 3480 1506 conscientiam
3510 1462 3680 1504 ema·

1211 1561 1414 1602 nasse.
1459 1537 1865 1612 Mandemus,
1915 1543 2224 1619 quatinus
2269 1540 2547 1603 Guidoni
2598 1547 2937 1621 tamquam
2985 1541 3274 1621 legitimo
3317 1542 3550 1604 abbati
3591 1540 3681 1600 fa·

1210 1658 1429 1701 vorem
1478 1638 1867 1718 impendatis
1908 1644 1976 1699 et
2017 1658 2165 1699 eum
2208 1637 2589 1708 defendatis
2635 1640 2773 1700 iura
2821 1658 2937 1700 sua
2978 1641 3046 1699 in
3094 1646 3310 1700 vestro
3358 1641 3680 1699 comitatu

1210 1739 1464 1798 restitui
1516 1737 1845 1798 facientes.
1907 1736 2216 1815 Alioquin
2271 1738 2739 1818 certisssnostris
2780 1737 3229 1799 executoribus
3272 1738 3678 1804 mandamus,

1207 1841 1286 1896 ut
1327 1835 1413 1896 ad
1453 1835 1520 1896 id
1562 1854 1679 1896 vos
1706 1833 2119 1914 compellant.
2166 1834 2265 1895 De
2307 1837 2782 1914 presentatione
2822 1835 3444 1914 presentium,'quas
3488 1836 3677 1913 regis·

1211 1931 1698 2013 trarizfecimus.
1728 1932 2027 1993 relationi
2079 1931 2400 1993 stabimus
2454 1934 2802 2012 portitoris.
2926 1932 3075 1993 Dat.
3136 1932 3317 1994 Senis
3372 1934 3458 1994 id.
3522 1952 3675 2012 apr„

1210 2029 1523 2091 Bonifatii
1560 2029 1727 2090 VIII
1768 2028 2186 2108 pontificatus
2226 2029 2393 2091 IIII.

1531 2126 1790 2186 Florem
1833 2124 1984 2187 Ast.
2035 2126 2220 2203 (Vola.
2268 2147 2327 2187 n.
2375 2126 2559 2203 1392)
2605 2127 2773 2204 Oriq.
2838 2126 3070 2205 (Sieqel
3124 2128 3415 2201 verloren,
3466 2127 3675 2203 Hans·

1533 2224 1802 2301 scknur).

1210 2422 1344 2481 981.
2878 2422 3093 2493 Siena,
3137 2422 3217 2482 14
3265 2421 3450 2499 April
3495 2419 3669 2482 1298.

1330 2517 2009 2590 MCCLXXXXVIII,
2070 2517 2197 2577 ind.
2256 2517 2379 2588 XI,
2447 2517 2657 2578 XIIII
2722 2538 2856 2599 apr.
2964 2518 3173 2580 Guido
3234 2518 3440 2579 abbas
3502 2537 3669 2579 mon.

1207 2637 1254 2677 s.
1299 2615 1474 2676 Petri
1517 2617 1597 2677 de
1640 2615 2056 2676 Monteviridi
2114 2614 2250 2675 ord.
2296 2615 2774 2702 Vallisimbrose
2829 2618 3294 2695 oepresentavit
3351 2614 3669 2677 Rollaudo

1208 2734 1304 2793 ep.
1352 2714 1649 2775 Massano
1711 2714 1960 2773 litteras
2015 2712 2137 2773 Ma
2157 2713 2644 2792 theikPortu
2666 2715 2886 2774 ensis
2934 2719 3000 2775 et
3055 2734 3102 2775 s.
3140 2713 3430 2791 Ruff(ine
3471 2713 3669 2786 card.)

1207 2833 1332 2893 ep„
1393 2832 1493 2892 ap.
1540 2811 1707 2873 sedis
1750 2811 1964 2891 legati,
2011 2811 2322 2891 sigillatas
2363 2813 2498 2872 eius
2540 2811 2744 2890 sigillo
2786 2831 2925 2873 cere
2967 2812 3163 2874 rubee
3205 2833 3350 2873 cum
3393 2810 3667 2874 cordella

1207 2909 1356 2970 alba
1396 2909 1717 2988 pendente
1761 2929 1909 2970 cum
1957 2908 2362 2987 imaginibus,
2410 2910 2974 2970 circumstantibus
3015 2911 3277 2971 litteris:
3340 2911 3667 2992 ·Sigillum

1206 3008 1422 3068 fratris
1471 3005 1718 3067 Mathei
1776 3007 2018 3068 ordinis
2076 3006 2418 3078 Minorum‚
2480 3007 2599 3067 Dei
2654 3011 2864 3087 gratia
2920 3029 3015 3087 ep.
3082 3007 3390 3071 Portuen.
3446 3015 3515 3069 et
3566 2995 3666 3068 {ce

1207 3106 1380 3166 Ruff.
1409 3106 1446 3178 ’,
1492 3113 1677 3166 tenor
1705 3126 1982 3185 quarum
2024 3113 2155 3165 est:
2204 3105 2552 3182 (Rolando)
2599 3127 2698 3186 ep.
2747 3108 3043 3168 Massano
3098 3109 3304 3183 ete.¹).
3431 3108 3665 3187 Repre-

1204 3210 1457 3264 sentate
1500 3204 1680 3264 Senis
1720 3205 1788 3264 in
1829 3203 2077 3283 palatio
2120 3209 2487 3264 consortum
2533 3204 2692 3265 dicti
2732 3206 3028 3284 episcopi.
3114 3205 3512 3267 Bel-nardino
3542 3203 3661 3284 ple·

1206 3302 1375 3363 bano
1407 3301 1607 3381 plebis
1634 3303 1715 3364 de
1745 3323 1792 3362 S.
1821 3303 2188 3363 LaurentiO.
2224 3302 2490 3364 Iuntino
2524 3309 2757 3363 vocato
2787 3304 2954 3365 Cirla
2983 3303 3087 3382 qd.
3112 3304 3323 3365 Leuci.
3358 3302 3664 3365 Barthalo

1204 3400 1488 3461 Venture
1532 3407 1611 3460 tt.
1691 3400 2067 3461 Taum-edus
2110 3401 2214 3478 qd.
2262 3401 2526 3480 Rigepti
2566 3402 2648 3462 de
2691 3402 3002 3463 Micciano
3059 3403 3213 3482 imp.
3259 3408 3430 3463 auct.
3474 3401 3661 3463 iudex

1205 3500 1340 3559 ord.
1384 3506 1451 3559 et
1495 3508 1629 3559 not.

1525 3598 1784 3657 Florem
1828 3597 1979 3657 Ast.
2031 3597 2214 3672 (Volt.
2261 3618 2325 3657 n.
2370 3598 2555 3674 1393)
2601 3599 2769 3674 Oriy.

1205 3793 1339 3851 982.
2443 3793 2669 3852 Massa
2711 3792 3086 3860 Μανίίίίφηα,
3132 3792 3213 3853 22
3256 3793 3446 3871 April
3486 3789 3656 3854 1298.

1326 3889 1486 3951 Cum
1531 3909 1628 3949 ser
1669 3890 1946 3951 Iacobus
1990 3889 2270 3950 Barzerst
2300 3889 2379 3949 de
2409 3890 2586 3950 Vult.
2622 3889 2901 3951 sindicus
2928 3892 3289 3969 potestatis,
3322 3889 3658 3969 capitanei,

1205 3987 1360 4058 XII,
1386 3986 1629 4048 consilii
1653 3993 1721 4047 et
1742 3989 2032 4048 comunis
2063 3987 2447 4066 appellasset
2477 3985 2694 4047 in'hiis
2716 3988 2968 4067 scriptis
2990 4008 3029 4046 a
3053 3989 3448 4066 processibus
3474 3985 3659 4048 factis

1202 4104 1316 4164 per
1356 4084 1606 4144 litteras
1649 4083 1918 4145 Orlandi
1958 4103 2058 4162 ep.
2104 4084 2404 4156 Massani,
2451 4086 2560 4163 qui
2605 4104 2671 4144 se
2721 4084 3047 4144 asserebat
3103 4091 3511 4144 executorem
3561 4082 3659 4141 lit-

1203 4189 1484 4243 terarum
1528 4181 1745 4242 fratris
1791 4182 2126 4257 (Mathei
2176 4184 2368 4242 Port
2387 4185 2686 4258 nensis)
2730 4188 2798 4241 et
2842 4203 2888 4241 s.
2933 4181 3232 4242 Ruffinae
3278 4182 3498 4258 (card.)
3542 4199 3655 4259 ep„

1203 4279 1348 4341 olim
1396 4299 1496 4358 ap.
1542 4279 1709 4339 sedis
1728 4280 1966 4362 jegati,
2014 4287 2239 4339 contra
2281 4299 2569 4352 comune,
2615 4287 2679 4339 et
2721 4299 2818 4358 ep.
2864 4278 3317 4358 respondisset,
3362 4277 3532 4359 quod
3563 4296 3657 4338 co·

1202 4398 1393 4438 mune
1435 4398 1562 4440 non
1607 4381 1906 4456 gravavit
1948 4385 2033 4446 et,
2059 4379 2108 4437 si
2154 4377 2324 4446 fecit,
2372 4377 2545 4456 quod
2589 4398 2718 4437 non
2760 4376 2982 4449 credit,
3013 4383 3114 4437 est
3142 4383 3409 4457 paratus
3436 4396 3544 4438 eos
3570 4394 3654 4436 re·

1200 4476 1430 4549 levare,
1476 4477 1807 4556 assignans
1853 4475 2091 4536 Iacobo
2136 4476 2485 4535 terminum
2528 4475 2671 4535 IIII
2714 4475 2958 4535 dierum
3004 4475 3087 4535 ad
3117 4476 3495 4555 gravamina
3521 4492 3655 4553 pro·

1347 4685 1388 4748 ¹)
1425 4685 1498 4732 So
1536 4686 1635 4732 das
1675 4685 1819 4747 Oriq.
1862 4685 2051 4732 Dieses
2094 4686 2329 4732 Alandal
2372 4685 2437 4731 ist
2476 4685 2721 4733 ver-loren-
