4000 5700
1146 574 1587 627 REGESTUM
1625 573 2312 629 VOLATERRANUM
2847 577 2960 629 205

495 767 709 828 dimus
751 766 1051 827 omnibus
1116 767 1591 829 hominibus
1645 770 1738 830 de
1794 767 2007 832 Vult.
2068 772 2476 832 securitatem
2519 770 2717 831 eundi
2755 778 2825 832 et
2864 791 2957 833 re-

496 864 737 925 deundi
775 863 975 925 Senas
1040 865 1123 926 ad
1187 868 1514 945 proximas
1555 866 1807 947 [kal.]¹)
1853 868 1981 928 ian.
2086 866 2370 929 Nomina
2426 869 2952 930 consiliariorum.

491 963 639 1023 Act.
685 962 864 1023 Senis
891 962 957 1022 in
987 962 1137 1023 eccl.
1168 982 1216 1022 s.
1249 964 1642 1025 christofori.
1730 963 2073 1026 Sacchetto
2099 971 2235 1026 not.
2273 964 2732 1027 Ildebrandino
2777 965 2952 1028 Stra-

494 1062 680 1120 tumi.
703 1059 1067 1122 Cristofano
1095 1062 1384 1123 castaldo
1410 1069 1491 1122 tt.
1578 1062 2216 1144 MCCXLVIII‚[ind.
2245 1064 2392 1136 VII,
2423 1064 2566 1125 IIII
2593 1063 2716 1126 kal.
2753 1085 2948 1125 marz.

496 1158 809 1219 Ranerius
851 1159 1043 1219 iudex
1085 1166 1154 1219 et
1194 1168 1329 1220 not.
1374 1159 1415 1219 f.
1461 1159 1948 1240 Bonoompagni
1987 1162 2304 1240 Zanghini
2338 1169 2404 1221 et
2432 1181 2599 1222 nunc
2628 1170 2765 1223 not.
2799 1163 2946 1223 Son.

492 1274 798 1317 comunis.

810 1355 1075 1416 Florenz
1117 1356 1268 1416 Ast.
1318 1356 1501 1431 (Volt.
1548 1355 1709 1416 1248
1753 1356 1828 1416 II
1870 1356 1968 1430 26,
2014 1376 2078 1417 π.
2123 1357 2268 1431 552)
2314 1357 2484 1434 Oriq.

488 1533 624 1592 625.
1582 1522 1611 1537 '
2251 1535 2449 1612 hyon,
2492 1535 2528 1595 1
2573 1535 2721 1596 Mai
2760 1536 2943 1597 1250.

608 1631 1156 1692 Innocentius
1200 1631 1304 1693 IV
1348 1633 1550 1693 electo
1590 1631 1765 1693 Vult.
1851 1632 2220 1693 committit
2261 1634 2318 1693 ei
2355 1633 2810 1695 auctoritatem
2853 1634 2946 1694 di-

485 1728 831 1806 spensandi
871 1728 1127 1790 clericos
1168 1730 1413 1809 generis
1458 1728 1793 1791 nobilitate
1835 1730 1935 1790 vel
1991 1729 2352 1791 litterarum
2409 1730 2682 1793 scientia
2733 1738 2941 1810 aptos,

486 1832 562 1886 ut·
600 1826 851 1904 possint
889 1828 957 1887 in
998 1825 1176 1887 Vult.
1221 1829 1487 1888 civitate
1514 1834 1582 1887 et
1608 1828 1844 1888 diocesi
1885 1827 2017 1889 duo
2057 1826 2384 1901 beneficia,
2415 1829 2610 1890 ctiam
2641 1829 2695 1889 si
2722 1848 2941 1890 curam

486 1923 771 1986 habeant
828 1927 1213 1996 animarum,
1272 1944 1401 1985 non
1456 1924 1758 1985 obstante
1812 1925 2063 1986 concilii
2114 1925 2424 2005 generalis
2477 1926 2941 1991 constitutione

483 2020 771 2082 obtinere
796 2024 860 2096 ²).
946 2023 1201 2083 «Tuam
1243 2022 1533 2082 volentes
1554 2042 1599 2081 ».
1684 2023 1838 2081 Dat.
1882 2022 2183 2101 Lugduni
2213 2022 2335 2083 kal.
2369 2022 2540 2094 maii,
2573 2030 2758 2103 pont.
2790 2024 2938 2084 VII.

810 2120 962 2181 Volt.
1010 2121 1249 2182 AVesc.
1298 2138 1349 2181 8.
1395 2120 1584 2179 XIII
1638 2120 1758 2180 dec.
1803 2120 1844 2180 5
1884 2140 1943 2180 n.
1989 2120 2072 2181 16
2123 2119 2292 2197 Oriy.
2333 2120 2539 2195 (Bulla
2591 2141 2676 2181 an
2731 2120 2938 2197 Hans-

801 2218 1073 2294 eclmur).
1118 2219 1301 2279 Liber
1338 2218 1580 2278 iuriam
1622 2218 1675 2278 1'
1719 2218 1815 2278 cit.

479 2405 614 2466 626.
2205 2404 2401 2481 hyon,
2444 2403 2526 2464 18
2565 2405 2714 2465 Mai
2754 2404 2933 2465 1250.

597 2502 1142 2564 Innocentius
1187 2501 1292 2563 IV
1336 2502 1537 2562 electo
1579 2502 1755 2563 Vult.
1841 2502 2243 2580 supplicanti
2286 2503 2596 2569 concedit.
2644 2508 2720 2562 ut
2760 2500 2936 2564 bona

476 2599 747 2671 illorum,
791 2602 903 2678 qui
944 2602 1027 2664 de
1064 2599 1359 2677 partibus
1399 2600 1627 2660 Tuscie
1670 2598 2039 2675 F(riderico)
2083 2599 2191 2677 qd.
2231 2599 2599 2676 imperatori
2641 2599 2928 2670 faveant,

474 2697 667 2758 libere
708 2700 910 2777 possit
952 2700 1253 2759 invadere
1280 2706 1344 2757 et
1376 2699 1645 2758 retinere
1672 2700 1738 2774 8).
1822 2718 1851 2757 «
1872 2696 2283 2760 Certantibus
2313 2716 2429 2775 pro
2447 2717 2494 2757 ὴ.
2578 2696 2731 2757 Dat.
2762 2695 2926 2774 Lug-

473 2795 630 2856 duni
676 2795 800 2856 XV
840 2795 968 2857 kal.
1013 2796 1167 2867 iun.‚
1212 2803 1392 2876 pont».
1436 2796 1586 2856 VII.

800 2894 954 2956 Volt.
1000 2896 1239 2957 AVesc.
1283 2914 1332 2954 s.
1376 2893 1566 2954 XIII
1621 2893 1742 2954 dec.
1787 2894 1827 2953 5
1880 2914 1945 2954 n.
1989 2893 2072 2954 17
2123 2894 2291 2968 Oriq.
2354 2892 2570 2966 (Bulle
2607 2893 2927 2966 verloren).

788 2993 943 3053 Edd.
964 2990 1413 3052 Reno-Cantici
1436 2991 1529 3051 VI
1551 2992 1593 3051 d
1612 2991 1706 3052 59.
1728 2990 1979 3051 Giachi¹
2008 2990 2223 3051 1692.-
2247 2989 2418 3051 ²487.
2445 2990 2591 3067 Req.
2610 2989 2778 3050 B.-F
2802 2988 2922 3050 -W.

791 3088 951 3150 8176
993 3109 1069 3150 zu
1112 3089 1289 3149 1249.

468 3277 601 3338 627.
2188 3274 2383 3352 Lym,
2428 3274 2509 3335 18
2551 3275 2699 3335 Mai
2739 3275 2924 3336 1250.

583 3376 1134 3437 Innocentius
1186 3371 1293 3435 IV
1335 3374 1535 3435 electo
1578 3373 1754 3434 Vult.
1838 3375 2195 3434 Licentiam
2242 3372 2469 3434 tribuit
2505 3370 2921 3452 permittendi

462 3474 831 3536 hominibus
874 3473 1039 3535 Flor.
1083 3479 1153 3533 et
1192 3473 1369 3533 Aret.
1412 3472 1599 3545 dioc.‚
1644 3473 1757 3550 qui
1799 3474 2166 3552 passagium
2212 3473 2274 3532 in
2316 3470 2575 3532 Terram
2613 3471 2918 3533 Sanctam

465 3580 801 3645 voverunt,
853 3580 928 3633 ut
983 3578 1213 3633 contra
1266 3571 1682 3646 F(ridericum
1725 3571 1820 3642 II)
1872 3568 1977 3647 qd.
2023 3569 2472 3646 imperatorem
2526 3575 2594 3629 et
2634 3568 2919 3628 fautores

462 3670 657 3747 ipsius
682 3676 905 3730 vot-um
929 3675 1350 3740 commutent,
1373 3669 1774 3747 eandemque
1796 3666 2260 3745 indulgentiam
2284 3666 2576 3728 concedit
2601 3669 2669 3741 ⁴).
2713 3664 2914 3727 «Cum

460 3769 627 3827 sicut
645 3788 693 3829 ι».
777 3767 932 3828 Dat.
978 3765 1273 3844 Lugduni
1319 3766 1442 3826 XV
1483 3764 1610 3826 kal.
1654 3766 1806 3835 iun.‚
1851 3770 2033 3843 pont.
2079 3765 2230 3825 VII.

789 3865 942 3928 Volt.
989 3865 1223 3927 AVesc.
1276 3883 1330 3924 ε.
1380 3863 1566 3923 XIII
1620 3862 1744 3925 dec.
1804 3863 1843 3922 5
1881 3883 1944 3923 n.
1989 3862 2071 3923 18
2123 3862 2292 3938 Ονίρ.
2355 3861 2564 3939 (Bulle
2603 3862 2913 3936 verloren).

776 3963 933 4025 Edd.
980 3960 1428 4024 Reno-Camici
1477 3961 1572 4022 VI
1614 3960 1656 4020 cl
1696 3960 1794 4020 58.
1840 3960 2062 4022 Giachi
2088 3964 2102 3994 ¹
2151 3961 2375 4020 169:
2405 3958 2569 4019 ²486
2623 3960 2737 4034 (mi
2811 3959 2917 4018 In-

776 4063 929 4135 cipit
973 4063 1179 4120 «Cum
1222 4058 1417 4119 fucrit
1435 4063 1509 4132 n).
1554 4058 1700 4134 Req.
1746 4058 2058 4119 B.-F.-W.
2104 4057 2264 4118 8175
2303 4077 2379 4116 zu
2422 4056 2602 4116 1249.

602 4250 644 4314 ¹)
674 4251 824 4298 lv'elaelt
864 4251 918 4298 in
960 4251 1052 4298 der
1096 4249 1389 4306 Urkunde:
1428 4264 1529 4297 von
1564 4248 1672 4297 mir
1705 4251 1933 4311 erqdnzt.
2119 4247 2160 4304 ⁹)
2199 4246 2304 4295 Die
2329 4245 2593 4294 erwdhnte
2624 4245 2911 4294 Konstitu·

453 4339 568 4389 lion
604 4340 675 4389 ist
712 4340 797 4387 die
836 4340 927 4387 cles
964 4339 1068 4387 III
1107 4337 1545 4386 Laterankonzila
1584 4351 1684 4385 von
1721 4339 1860 4387 1179
1896 4351 1940 4386 ο.
1982 4338 2014 4386 5
2043 4337 2108 4398 (ο.
2139 4337 2168 4384 5
2197 4335 2251 4383 Χ
2277 4335 2342 4384 de
2373 4333 2696 4396 praebendis
2720 4334 2826 4383 III
2855 4337 2912 4398 5)

453 4429 568 4478 und
602 4429 695 4478 des
732 4429 817 4477 IV
844 4427 1285 4476 Laterankonzils
1322 4442 1423 4475 von
1462 4428 1601 4476 1:315
1637 4441 1679 4476 ο.
1721 4427 1788 4475 29
1827 4425 1894 4490 (c.
1936 4427 2004 4475 28
2041 4425 2106 4475 de
2143 4423 2463 4487 praebendis
2501 4423 2608 4472 III
2650 4422 2725 4486 5).
2799 4422 2912 4470 Der

452 4516 612 4566 Liber
647 4517 855 4565 iuriam
895 4517 926 4564 :3
970 4515 1141 4564 citiert
1179 4515 1268 4563 ein
1302 4514 1469 4563 kaum
1504 4514 1602 4563 mit
1638 4529 1691 4563 n.
1733 4515 1835 4564 6:25
1871 4511 2190 4564 idonci-‘rohes
2227 4510 2514 4560 Schreiben
2549 4510 2642 4558 des
2672 4510 2906 4571 Papstee

451 4610 649 4656 contra
673 4604 918 4668 prelatos
944 4603 1266 4653 recedentes
1301 4603 1372 4652 de
1394 4603 1639 4653 ecclesiis
1662 4603 1778 4652 suis
1802 4608 1863 4653 et
1885 4602 1959 4651 ad
1984 4602 2195 4651 alienas
2223 4605 2351 4663 part
2371 4615 2410 4646 =s
2445 4615 2504 4646 se
2541 4598 2901 4648 conferentes

450 4694 559 4743 illis
584 4694 861 4758 spoliati3‚
883 4694 984 4742 das
1008 4694 1239 4742 verloren
1266 4694 1348 4742 ist.
1434 4692 1732 4754 Verqleiche
1758 4711 1781 4742 α
1800 4691 2019 4741 Bistam
2043 4691 2158 4739 und
2184 4689 2602 4747 Geldwirtochost
2633 4703 2656 4737 t
2686 4686 2756 4736 ΙΙ
2787 4691 2846 4737 2ἶ
2859 4693 2906 4736 ὁ.

451 4783 492 4845 ⁸)
544 4783 841 4845 Veryleiche
881 4783 1094 4832 ebenda.
1242 4783 1287 4846 ⁴)
1334 4782 1633 4845 Verqleiche
1670 4781 1885 4841 abendo,
1920 4781 2198 4830 besonders
2227 4778 2581 4840 Anmerkunq
2623 4780 2670 4828 2.
