4000 5700
1076 477 1520 533 REGESTUM
1559 475 2243 531 VOLATERRANUM
2823 474 2894 528 33

434 694 570 736 voc.
614 694 719 754 gg.
761 674 808 735 f.
855 673 915 734 Β.
962 693 1047 734 m.
1092 672 1366 734 Iohanni
1407 673 1516 751 qui
1564 671 1825 732 Bonitio
1881 690 2021 731 voc.
2079 689 2186 731 seu
2248 670 2465 731 Uuido
2520 676 2586 729 et,
2629 669 2892 732 Reintio
3009 682 3016 687 “

430 792 534 853 gg.
576 772 623 833 f.
668 772 731 833 b.
765 792 851 832 m.
881 771 1071 831 Atitii
1098 768 1309 850 adque
1353 768 1614 830 Raineri
1657 767 1705 831 f.
1739 768 1801 829 Β.
1855 788 1939 828 m.
1983 768 2198 828 Teutii
2241 767 2475 828 barbas
2516 773 2583 829 et
2625 773 2891 846 nepotes

429 889 579 930 casa
620 871 686 930 in
727 869 868 931 loeo
908 873 976 929 et
1028 867 1234 928 fundo
1288 866 1621 937 FlabianO,
1678 885 1804 945 que
1845 885 1894 926 r.
1952 864 2080 927 fuit
2129 884 2240 943 per
2288 864 2562 925 Iohanni
2604 867 2715 944 qui
2768 864 2892 925 Bo·

430 968 593 1027 nitio
636 986 772 1027 voc.
817 972 884 1027 et
927 965 1119 1028 modo
1158 984 1272 1042 per
1313 983 1428 1024 vos
1471 965 1809 1043 germanis»,
1852 962 2089 1024 barbas
2131 969 2196 1022 et
2238 969 2530 1042 nepotes,
2561 965 2891 1041 pertinens

426 1065 509 1126 de
549 1070 729 1126 curte
769 1084 821 1124 s.
865 1063 1125 1142 Mangni
1170 1082 1288 1141 pro
1326 1080 1545 1122 annua
1584 1080 1762 1139 pens.
1807 1063 1872 1122 in
1914 1061 2066 1122 fest.
2098 1080 2147 1120 s.
2181 1061 2378 1121 Mar-ie
2420 1061 2486 1119 in
2528 1066 2759 1141 agusto
2804 1058 2888 1121 ad

425 1170 606 1224 curte
635 1182 686 1223 s.
711 1163 1019 1242 Manngni
1047 1158 1375 1222 reddenda
1402 1179 1535 1239 arg.
1568 1159 1714 1221 den.
1745 1158 2021 1220 duodeci
2049 1159 2111 1219 Β.
2144 1178 2287 1237 exp.
2319 1157 2527 1238 qualis
2552 1178 2665 1237 per
2688 1165 2885 1237 temp.

425 1280 508 1333 ο.;
551 1260 682 1320 (1υο
728 1262 930 1321 vicem
975 1261 1037 1319 in
1079 1278 1252 1319 anno
1286 1257 1372 1318 ad
1414 1264 1596 1318 curte
1640 1257 1855 1318 venire
1895 1257 2179 1329 debetis;
2218 1276 2363 1335 pen.
2408 1276 2539 1335 arg.
2585 1256 2697 1319 sol.
2744 1255 2884 1331 LX,

426 1357 571 1419 Act.
616 1358 757 1419 loco
810 1357 1185 1420 Colletanuli
1244 1356 1570 1417 territurio
1612 1354 2074 1416 Voloterrense.
2201 1354 2589 1415 Benedictus
2644 1374 2744 1434 ep.
2800 1373 2883 1414 ss.

426 1455 488 1516 S.
534 1475 617 1515 m.
664 1455 945 1517 Eriberti
985 1473 1095 1516 seu
1140 1453 1342 1514 Ilditii
1396 1472 1500 1533 gg.
1545 1453 1681 1513 sive
1723 1452 1921 1514 Uuidi
1964 1458 2032 1512 et
2077 1438 2581 1531 Reintii'adque
2623 1451 2884 1512 Raineri

424 1552 657 1614 barbas
700 1560 767 1614 et
814 1559 1101 1632 nepotes.
1160 1552 1339 1612 Petri
1380 1550 1425 1611 f.
1473 1549 1535 1610 b.
1582 1571 1666 1611 m.
1711 1550 2069 1611 Sunderadi
2113 1556 2192 1611 tt.
2238 1550 2633 1611 Uualbertus
2675 1556 2756 1611 tt.
2801 1569 2881 1610 ss.

423 1650 486 1710 S.
534 1670 616 1710 m.
678 1650 854 1711 Petri
906 1649 953 1710 f.
1004 1649 1339 1710 Adalberti
1382 1656 1517 1709 not.
1606 1647 1971 1709 Gherardus
2017 1654 2152 1710 not.
2199 1650 2330 1726 inp.
2377 1718 2382 1723 .

752 1748 910 1811 Volt.
956 1747 1196 1810 AVesc.
1240 1767 1290 1807 8.
1334 1745 1402 1807 X
1440 1747 1564 1808 dec.
1597 1746 1637 1808 8
1663 1768 1726 1807 n.
1760 1747 1799 1807 6
1840 1746 2012 1825 Oria.

421 1943 519 2002 89.
2035 1940 2256 2012 Lacca,
2300 1940 2378 2001 11
2421 1939 2699 2001 Februar
2739 1937 2877 1999 998.

541 2037 702 2098 Otto
744 2039 874 2116 inp.
917 2036 963 2097 f.
1009 2037 1071 2098 Β.
1118 2057 1201 2097 m.
1248 2036 1489 2098 Ottone
1530 2040 1684 2117 inp,
1730 2057 1933 2117 nepus
1962 2037 2024 2097 b.
2058 2057 2142 2097 m.
2174 2040 2460 2116 itemque
2489 2035 2762 2098 Othoni
2745 2054 2876 2113 mp.

418 2156 477 2197 a.
523 2135 611 2205 ΙΙ,
658 2135 764 2196 III
805 2135 892 2195 id.
934 2135 1086 2203 feb.
1131 2135 1264 2195 ind.
1310 2134 1431 2196 XI.
1537 2130 2029 2197 Venerando
2082 2136 2128 2196 f.
2181 2134 2242 2194 b.
2289 2153 2373 2194 m.
2418 2132 2783 2195 Dominichi
2839 2152 2880 2193 a

419 2234 876 2296 Benedicto
916 2248 1016 2313 ep.
1048 2233 1361 2295 Voloterr.
1408 2234 1515 2295 lib.
1559 2236 1696 2295 iure
1735 2235 1945 2313 recepi
1976 2235 2216 2312 petiam
2246 2234 2326 2294 de
2356 2238 2526 2293 terra
2553 2251 2699 2292 curn
2729 2251 2879 2292 casa

417 2332 587 2393 foras
608 2332 1000 2413 [civitatem]
1028 2332 1183 2393 Luc.
1207 2351 1404 2411 prope
1426 2332 1813 2413 [ecclesiam]
1835 2352 1884 2392 s.
1910 2331 2172 2392 Gervasi
2196 2342 2262 2391 et·
2283 2331 2535 2391 Protasi
2556 2331 2873 2408 pertinen·

417 2437 548 2492 tem
591 2433 989 2510 episcopatui
1032 2430 1271 2504 Volot„
1318 2437 1645 2492 tenentem
1688 2432 1755 2490 in
1798 2432 1904 2491 via
1947 2429 2223 2510 publica,
2268 2431 2333 2489 in
2390 2435 2560 2489 terra
2614 2427 2722 2507 qd.
2755 2428 2799 2507 [.
2822 2473 2834 2486 .
2857 2473 2870 2486 .

421 2571 468 2589 ..
491 2530 535 2609 .]
564 2533 628 2605 ¹),
673 2531 738 2590 in
782 2535 953 2590 terra
992 2530 1388 2609 episcopatui
1432 2529 1670 2601 Volot„
1713 2530 1778 2591 in
1809 2534 1979 2589 terra
2006 2528 2508 2607 Teutpertinghe
2535 2525 2871 2599 infantulo,

415 2646 531 2705 pro
570 2646 748 2704 pens.
793 2646 1012 2688 annua
1051 2628 1116 2688 in
1146 2626 1293 2688 fest.
1323 2647 1373 2686 s,
1405 2627 1604 2688 Mario
1645 2628 1710 2687 in
1753 2646 1900 2706 aug.
1944 2625 2252 2687 solvenda
2279 2646 2411 2706 arg.
2457 2625 2586 2687 din.
2633 2625 2695 2686 Β.
2725 2644 2870 2703 exp.

416 2723 662 2797 XXIV;
706 2744 852 2803 pen.
897 2744 1029 2804 arg.
1073 2724 1187 2785 sol.
1231 2725 1646 2785 duocentum.
1729 2725 1874 2785 Act.
1962 2724 2154 2785 Luca.
2252 2726 2314 2785 S.
2360 2744 2445 2784 m.
2486 2722 2869 2785 Venerandi.

414 2820 854 2884 Rodilamdus.
899 2822 1048 2883 Leo.
1076 2824 1121 2898 ²)
1166 2821 1786 2902 Teutpaldusiudex
1818 2823 1969 2901 imp.
1996 2825 2039 2897 ²)
2087 2821 2315 2883 Petrus
2356 2828 2491 2883 not.
2535 2822 2666 2900 inp.
2700 2822 2744 2897 ⁹)
2789 2824 2870 2880 tt.

412 2940 493 2980 se.
577 2920 994 2981 Sisemundus
1019 2924 1066 2998 ⁸)
1110 2928 1246 2985 not.
1291 2922 1446 3001 imp.

742 3017 901 3080 Volt.
948 3017 1168 3096 AC'ap.
1213 3039 1277 3079 n.
1302 3018 1383 3079 43
1410 3018 1584 3096 oriq.

410 3213 506 3272 90.
1990 3212 2238 3284 Oasale,
2282 3211 2323 3273 9
2361 3212 2690 3274 Dezember
2725 3211 2865 3273 998.

527 3308 688 3371 Otto
729 3312 958 3371 tertius
1000 3311 1133 3388 inp.
1191 3328 1251 3369 a.
1295 3311 1507 3381 tertiO,
1568 3311 1799 3389 quinto
1855 3310 1999 3370 idus
2053 3309 2216 3373 dec..
2276 3312 2405 3370 ind.
2462 3310 2863 3371 duodecima.

409 3406 914 3468 Benedictus
955 3407 1168 3468 Volot.
1212 3427 1313 3485 ep.
1357 3407 1468 3468 lib.
1513 3427 1686 3469 nom.
1737 3406 1822 3469 do
1868 3407 2065 3468 Petro
2102 3407 2150 3468 f.
2196 3377 2256 3469 b.
2291 3407 2649 3486 m.Alper1·,1
2676 3413 2865 3487 quat,

408 3510 556 3565 tuor
596 3506 757 3565 casis
797 3511 865 3566 et
906 3504 1168 3566 cassinis
1209 3524 1318 3566 seu
1365 3507 1765 3579 massariciis,
1807 3526 1939 3566 una
1966 3507 2034 3568 in
2060 3506 2200 3566 loco
2228 3506 2427 3567 Asilla
2469 3526 2668 3585 prope
2712 3504 2864 3565 villa

405 3600 489 3662 de
531 3601 800 3675 Amano,
845 3603 1038 3664 modo
1079 3622 1129 3662 r.
1170 3622 1286 3681 per
1326 3602 1595 3665 Stefano
1634 3624 1846 3674 mass„
1892 3603 2179 3667 secunda
2219 3606 2283 3665 in
2327 3604 2597 3675 Alliano,
2642 3624 2691 3664 r.
2735 3602 2863 3666 fuit

404 3717 520 3776 per
559 3697 668 3777 qd.
715 3697 974 3760 Bonitio
1015 3705 1083 3760 et
1125 3699 1318 3760 modo
1343 3719 1458 3778 per
1485 3698 1762 3773 Ounitio,
1792 3699 2093 3784 Mar-tino,
2125 3700 2355 3761 Petrus
2390 3701 2757 3764 Chinohello
2782 3700 2864 3760 de

405 3794 677 3869 Suiano;
720 3799 916 3858 tertia
955 3804 1023 3858 et
1063 3803 1298 3876 quarta
1341 3799 1402 3857 in
1448 3796 1710 3870 Collina,
1753 3817 1886 3859 una
1926 3818 1976 3858 r.
2021 3818 2135 3877 per
2175 3798 2495 3859 Iohannes
2523 3798 2566 3858 f.
2601 3798 2862 3859 Alsinde

403 3899 471 3954 et
513 3892 871 3967 DominicO,
914 3895 1042 3955 alia
1083 3915 1134 3955 r.
1177 3894 1306 3956 fuit
1332 3915 1444 3974 per
1484 3896 1594 3975 qd.
1639 3895 1946 3957 Bertaldo
1986 3902 2055 3956 et
2097 3896 2289 3957 modo
2342 3916 2456 3974 per
2510 3898 2534 3977 [
2543 3943 2732 3957 ......
2739 3897 2764 3976 ]
2793 3900 2856 3973 ι),

404 4010 521 4070 pro
540 4010 731 4052 censu
762 3993 830 4053 in
850 4012 996 4072 aug.
1022 3992 1168 4054 den.
1194 3992 1256 4054 b.
1280 4013 1425 4073 exp.
1450 3994 1658 4073 qualis
1679 4014 1789 4073 pre
1812 4000 2011 4073 temp.
2044 4012 2101 4054 0.
2133 3994 2566 4074 quadraginta
2594 4001 2658 4054 et
2688 4000 2856 4067 oetam

402 4107 548 4168 pen.
592 4109 725 4170 arg.
769 4091 883 4152 sol.
926 4098 1188 4153 centum
1226 4093 1474 4170 viginti.
1559 4093 1704 4153 Act.
1750 4094 1813 4153 in
1857 4093 1994 4154 loco
2038 4099 2106 4154 et
2146 4093 2381 4154 finibus
2411 4093 2631 4156 Casale
2659 4111 2858 4172 prope

402 4187 662 4248 castello
683 4187 922 4249 Sancto
944 4187 1326 4250 Geminiano
1346 4191 1549 4251 territ.
1580 4190 1793 4251 Volot.
1880 4189 2268 4251 Benedictus
2289 4210 2389 4269 ep.
2413 4191 2642 4252 Petrus
2665 4197 2746 4251 tt.
2771 4209 2853 4251 ss.

402 4284 465 4345 S.
496 4304 581 4345 m.
611 4285 944 4347 Adalberti
987 4306 1114 4365 qne
1154 4287 1346 4348 Actio
1386 4308 1447 4347 v.
1490 4287 1537 4348 f.
1582 4287 1645 4349 b.
1692 4308 1777 4349 m.
1821 4287 2190 4348 Adebrandi
2232 4295 2311 4347 tt.
2357 4288 2682 4350 UuiHelmi
2709 4287 2756 4348 f.
2788 4286 2852 4347 b.

546 4510 586 4569 ¹)
622 4510 808 4560 Laeter
846 4509 1030 4561 Raum
1075 4513 1172 4574 fiir
1207 4513 1310 4561 dm
1348 4513 1577 4563 Nomen.
1728 4515 1768 4575 ²³)
1804 4514 2106 4576 Verqleiohe
2144 4514 2310 4567 Mem.
2352 4531 2379 4565 e
2414 4516 2542 4566 Doe.
2580 4516 2641 4566 di
2675 4515 2854 4565 Lacca

401 4597 484 4648 IV
526 4599 627 4647 2n.
662 4601 723 4649 71
748 4600 807 4662 ff.
954 4599 997 4660 ξι)
1042 4589 1181 4650 Uber
1215 4600 1524 4661 sisemund,
1561 4601 1769 4653 Bruder
1806 4602 1896 4654 deo
1919 4602 2169 4666 Bischote
2193 4604 2486 4655 Ildebrcmd
2523 4620 2624 4655 von
2662 4604 2851 4664 Simu,

397 4686 537 4735 siche
572 4686 738 4737 Mem.
779 4703 806 4738 e
842 4689 969 4740 Doc.
1008 4688 1068 4739 di
1104 4689 1282 4744 Lacca
1316 4691 1405 4741 IV
1446 4696 1476 4744 2
1513 4707 1567 4741 π.
1610 4694 1692 4742 85.

608 4828 641 4878 3
