4000 5700
1162 494 1607 551 REGESTUM
1644 494 2329 551 VOLATERRANUM
2872 496 2975 553 187

517 694 654 754 538.
2147 692 2433 766 Florem,
2477 691 2557 754 31
2598 692 2749 754 Mai
2790 692 2970 755 1236

636 792 986 853 Consilium
1029 792 1320 871 generale
1362 792 1529 853 Flor.
1575 793 1831 865 statuit,
1878 791 2054 871 quod
2108 796 2399 870 potestas
2454 792 2769 871 precipiat
2821 810 2971 933 que-

517 891 667 952 dam
710 891 834 952 illis
873 891 955 951 de
996 890 1305 953 Sancto
1347 889 1838 951 Geminiano
1879 896 1946 951 et
1987 890 2068 951 de
2112 890 2329 951 Vult.

837 986 1099 1049 Florenz
1143 985 1295 1049 Ast.
1343 986 1427 1062 (V
1431 986 1532 1047 olt.
1577 1006 1640 1047 n.
1685 986 1830 1064 399)
1875 986 2050 1065 Oriq
2135 985 2252 1048 Ed.
2294 986 2555 1048 Samni
2595 986 2745 1047 Doc.
2793 987 2932 1049 421.

518 1184 655 1242 539.
2154 1181 2437 1252 Florem,
2481 1182 2562 1242 15
2600 1182 2752 1243 Juli
2792 1182 2972 1243 1236.

636 1279 965 1353 Quattuor
1005 1281 1177 1340 cives
1220 1278 1386 1341 Flor.
1430 1281 1825 1360 promittunt
1870 1281 2107 1341 vicario
2164 1280 2511 1358 potestatis
2566 1279 2730 1341 Flor.
2774 1299 2840 1341 se
2883 1300 2971 1340 re-

516 1379 789 1458 quisitos
844 1377 1113 1438 daturos
1167 1396 1304 1437 esse
1346 1378 1599 1440 obsides
1654 1380 1944 1439 comunis
2000 1377 2288 1439 Sancti
2348 1376 2819 1439 Geminiani
2859 1397 2974 1439 nec

518 1476 954 1556 permissuram
1001 1481 1076 1535 ut
1118 1494 1158 1534 a
1200 1475 1365 1537 Flor.
1409 1474 1683 1564 fugiant.

836 1572 1102 1634 Florenz
1147 1572 1298 1634 Ast.
1345 1573 1538 1649 (Volt.
1586 1591 1649 1633 π.
1694 1573 1839 1650 401)
1884 1573 2057 1651 Oriq.
2143 1572 2262 1634 Ed.
2306 1573 2568 1650 Scantini
2613 1572 2760 1636 Doc.
2807 1573 2945 1634 422.

517 1770 650 1828 540.
2090 1768 2374 1838 Florem,
2417 1769 2455 1829 1
2499 1768 2753 1847 Auqust
2790 1769 2970 1830 1236.

637 1865 936 1949 Potestas
989 1871 1055 1926 et
1111 1866 1446 1926 consilium
1504 1865 1672 1929 Flor.
1732 1870 2055 1939 statuunt,
2116 1865 2292 1944 quod
2347 1867 2648 1928 comunia
2685 1865 2974 1929 Sancti

516 1963 979 2049 Geminiani
1023 1970 1090 2024 et
1133 1963 1349 2024 Vult.
1395 1962 1516 2024 sibi
1560 1962 1719 2024 dent
1762 1963 2042 2042 quedam
2099 1968 2333 2037 castra,
2390 1971 2460 2025 et
2502 1969 2796 2044 potestas
2849 1963 2971 2024 hoc

516 2061 1046 2124 ambaxatoribus
1087 2060 1150 2122 S.
1195 2064 1375 2124 Gem.
1419 2063 1711 2143 precipit.

834 2159 1098 2221 Florem
1140 2158 1294 2220 Ast.
1342 2157 1531 2234 (Volt.
1574 2180 1640 2220 n.
1685 2160 1829 2238 402)
1873 2159 2045 2237 Oriq.
2131 2160 2249 2221 Ed.
2293 2161 2553 2222 Scantini
2595 2161 2745 2224 Doc.
2791 2162 2929 2224 423.

517 2359 650 2417 541.
2065 2356 2331 2434 Ρίθεοᾷα,
2378 2356 2456 2416 14
2499 2356 2750 2434 Anquet
2788 2356 2970 2419 1236.

637 2454 1047 2515 Protestatur
1089 2452 1518 2515 Bontalentus
1561 2460 1937 2532 procurator
1978 2455 2269 2515 comunis
2309 2454 2488 2516 Vult.
2532 2473 2746 2516 coram
2791 2454 2972 2516 vobis

524 2552 830 2632 magistro
869 2550 1128 2612 Meliore
1172 2550 1579 2629 archipresb„
1627 2552 1934 2630 magist-ro
1978 2552 2229 2613 Barone
2283 2553 2492 2631 priore
2547 2572 2596 2612 S.
2642 2551 2971 2627 Iohannis,

518 2650 755 2712 Iacobo
797 2669 937 2711 can.
983 2651 1214 2710 Pistor.
1261 2670 1326 2709 se
1371 2650 1529 2711 velle
1572 2655 1791 2724 testeS,
1822 2650 1935 2728 qui
1963 2650 2361 2711 inducuntur
2391 2670 2428 2710 a
2461 2651 2591 2727 (Pa
2606 2657 2840 2730 gano)
2869 2672 2969 2732 ep.

517 2749 693 2811 Vult.
738 2768 953 2811 coram
998 2749 1182 2810 vobis
1223 2768 1413 2827 super
1441 2747 1726 2810 articulis
1759 2749 1940 2810 vobis
1969 2752 2282 2828 expressis
2311 2750 2396 2810 ab
2425 2750 2673 2812 Octone
2700 2751 2871 2812 card.
2905 2754 2969 2828 ¹),

455 2842 465 2852 ’
515 2848 708 2928 recipi
749 2847 884 2908 sine
926 2845 1274 2926 preiudicio
1315 2847 1604 2908 comunis
1650 2846 1746 2908 vel
1805 2848 2059 2926 private
2115 2867 2400 2928 persone.
2513 2847 2658 2910 Act.
2717 2850 2970 2910 Pistorii

519 2948 583 3006 in
623 2946 772 3006 eccl.
816 2944 1020 3025 plebis
1061 2965 1110 3005 s.
1157 2945 1407 3006 Andree
1512 2965 1671 3024 pres.
1720 2945 2055 3026 Agolantis
2098 2944 2354 3006 Tedicii.
2415 2946 2777 3007 Bartromei
2824 2945 2968 3008 Bol-

518 3043 749 3122 garelli.
798 3044 1153 3105 Bartromei
1198 3043 1278 3104 de
1322 3044 1479 3104 Bue.
1567 3042 2044 3116 MCCVXXVI,
2102 3045 2234 3105 ind.
2281 3044 2467 3118 VIII,
2526 3043 2800 3107 XVIIII
2840 3045 2968 3106 kal.

516 3147 677 3220 sept.
764 3140 1182 3202 Braciafortis
1224 3160 1273 3200 s.
1318 3139 1442 3219 pal.
1489 3147 1621 3201 not.

837 3239 1100 3301 Morem
1142 3239 1294 3300 Ast.
1343 3237 1532 3314 (Vozt.
1575 3260 1640 3300 η.
1685 3240 1828 3318 404)
1872 3241 2045 3318 arsy.

518 3437 655 3497 542.
1912 3436 2333 3514 Montiqrzoso,
2377 3437 2458 3499 25
2502 3438 2749 3515 Auquet
2787 3439 2967 3501 1236.

637 3533 843 3595 Iudex
886 3535 1178 3595 comunis
1217 3532 1506 3594 Sancti
1560 3532 2026 3596 Geminiani
2082 3534 2398 3596 sindicum
2457 3538 2747 3598 comunis
2801 3537 3007 3598 Flor-

518 3633 577 3692 in
612 3634 1068 3712 possessionem
1100 3633 1293 3693 castri
1322 3632 1782 3694 Montistiniosi
1824 3634 2026 3712 ponit,
2061 3634 2173 3713 qui
2199 3633 2319 3694 hoc
2346 3635 2660 3713 potestati
2687 3637 2964 3696 nuntiat.

836 3731 1096 3792 Florenz
1139 3731 1292 3792 Ast.
1341 3731 1431 3807 (S.
1480 3731 1670 3809 Gim.)
1714 3732 1859 3792 zwei
1899 3731 2102 3810 Oopp.
2146 3752 2196 3793 s.
2241 3731 2450 3793 XIII.
2547 3733 2667 3795 Ed.
2711 3734 2970 3798 Sontini

833 3829 981 3890 Doc.
1026 3829 1163 3890 424.
1207 3829 1345 3890 426.

520 4024 655 4085 543.
1254 4015 1261 4024 ¹
1818 4027 2108 4097 Volterra,
2151 4027 2278 4088 1·4.
2326 4028 2363 4088 7
2402 4026 2749 4109 September
2788 4028 2966 4090 1236.

637 4121 950 4184 Homines
1013 4122 1252 4184 Montis
1308 4122 1562 4184 Vultrai
1616 4124 2027 4186 constituunt
2079 4131 2560 4203 procuratorem
2613 4126 2699 4187 ad
2758 4133 2965 4205 prote-

517 4219 822 4281 standum
863 4239 1079 4281 coram
1120 4225 1468 4297 potestate,
1511 4221 1792 4294 consilio,
1839 4226 2098 4284 comuni
2151 4221 2318 4283 Flor.
2376 4242 2443 4283 se
2501 4222 2659 4284 velle
2715 4222 2971 4284 subesse

520 4315 1066 4379 Vulterranis.

835 4415 1094 4477 Florem
1139 4415 1288 4476 Ast.
1337 4415 1525 4492 (Voce.
1571 4417 1731 4478 1236
1774 4416 1878 4477 IX
1920 4417 1977 4487 1,
2017 4437 2084 4479 n.
2131 4417 2275 4495 411)
2304 4417 2478 4495 Θήρ.
2561 4418 2681 4479 Ed.
2711 4418 2972 4481 Santini

836 4513 987 4575 Doc.
1033 4513 1173 4575 427.

664 4720 704 4785 ¹)
743 4721 957 4771 ouon·
993 4719 1245 4772 candido
1284 4735 1327 4775 s.
1356 4718 1575 4773 Nicolai
1601 4722 1661 4773 in
1686 4724 1917 4775 carcere
1941 4723 2203 4773 rumano
2227 4707 2371 4774 diae.
2399 4722 2570 4784 aare„
2597 4726 2740 4778 σωκ
2763 4743 2818 4778 n.
2847 4730 2968 4779 532.
