4000 5700
1080 517 1524 594 REGEST'UM
1560 529 2250 593 VOLATERR‘ANUM
2817 538 2887 592 87

431 733 623 794 ciant.
654 733 1326 804 MCLXXXXVIIII,
1356 732 1521 795 VIII
1552 732 1680 795 kal.
1708 734 1866 805 dec„
1898 734 2025 795 ind.
2057 731 2180 794 III.
2267 733 2669 813 Beringerius
2696 733 2889 794 iudex

433 838 498 892 et
542 836 679 894 ‘¹0¹²-
732 837 1009 989 )I¹‘'lorenz
1050 928 1201 990 Ast.
1249 929 1555 1004 (Vol-terra
1597 949 1658 988 n.
1703 928 1807 1005 56)
1852 928 2022 1005 Oriq.

431 1126 575 1184 251.
1762 1124 2167 1201 (Semisonte),
2214 1124 2294 1185 24
2335 1124 2672 1185 chember
2711 1124 2888 1186 1199.

555 1221 866 1282 Homines
886 1221 1107 1301 oppidi
1130 1220 1210 1282 de
1230 1222 1279 1283 C
1296 1220 1455 1282 olle
1485 1221 1769 1282 iuramus
1794 1220 2160 1282 hominibus
2182 1221 2405 1301 oppidi
2433 1222 2474 1283 S
2489 1241 2584 1282 an
2602 1240 2634 1280 c
2652 1222 2715 1281 ti
2744 1219 2851 1281 Ge
2866 1255 2888 1268 ·

432 1317 779 1378 miniani
819 1318 1214 1379 societatem.
1299 1315 1772 1379 Adiuvabimus
1801 1337 1909 1377 eos
1951 1324 2181 1378 contra
2219 1336 2460 1388 omnes,
2494 1317 2608 1396 qui
2649 1316 2891 1378 Martu-

432 1415 633 1476 lenses
675 1416 1078 1489 adiuvarent,
1123 1416 1508 1484 nominatim
1552 1424 1780 1478 contra
1808 1414 2212 1494 Florentinos
2239 1423 2307 1477 et
2335 1413 2658 1476 Senenses.
2690 1416 2890 1476 Exce-

430 1521 693 1591 ptamus
733 1512 1263 1574 [ldebrandinum
1306 1513 1669 1590 palatinum
1712 1514 2037 1579 comitem.
2068 1532 2356 1586 uxorem,
2388 1512 2568 1586 filios,
2604 1514 2890 1593 exceptis

430 1610 906 1683 securitatibus»,
936 1611 1171 1690 quibus
1201 1617 1495 1671 tenemur
1536 1609 1943 1683 Senensibus,
1974 1618 2043 1671 et
2076 1610 2364 1689 exceptis
2405 1608 2772 1671 hominibus
2808 1609 2890 1670 de

429 1707 853 1787 Montegabro
894 1716 960 1770 et
1000 1708 1520 1770 CastelloveterO.
1564 1707 1631 1769 Si
1671 1707 1963 1770 homines
2006 1707 2227 1771 Sancti
2269 1708 2632 1770 Geminiani
2662 1709 2745 1769 ad
2773 1727 2889 1770 nos

431 1807 726 1868 venerint
768 1814 920 1868 ante
962 1826 1183 1887 pacem
1226 1826 1451 1886 guerre
1507 1805 1793 1876 Casallie,
1851 1826 2072 1868 eorum
2126 1808 2556 1886 possessiones
2613 1806 2892 1867 dominis

429 1905 560 1964 suis
603 1912 996 1966 remaneant.
1082 1905 1491 1983 Beringarius
1532 1904 1726 1965 iudex
1768 1912 1835 1966 et
1878 1913 2014 1966 not.
2060 1923 2138 1964 ex
2182 1903 2495 1967 mandato
2524 1903 2889 1966 Bonvillani

429 2001 705 2062 consulis
738 2002 820 2063 de
849 2001 1038 2074 Colle,
1084 1999 1399 2064 Albertini
1429 2001 1676 2064 Clarelli
1706 2022 1822 2084 pro
1851 2002 2076 2063 eodem
2103 2004 2382 2076 comuni,
2426 2003 2699 2065 Lottieri
2741 2021 2886 2063 con-

432 2099 587 2159 sulis
628 2098 846 2161 Sancti
890 2098 1253 2161 Geminiani
1294 2108 1362 2160 et
1404 2099 1579 2160 Petri
1623 2099 1996 2161 Gerarducii
2020 2103 2084 2176 ⁸).

751 2195 919 2257 Colle
948 2195 1179 2257 ACom.
1203 2196 1242 2256 I
1245 2197 1724 2258 nstrumentario
1747 2197 1783 2257 I
1804 2198 1846 2274 s.
1873 2198 1911 2257 4
1934 2196 2085 2275 Cop.
2116 2217 2163 2258 ε.
2195 2196 2386 2258 XIII
2411 2196 2563 2257 med.
2648 2196 2887 2258 Kurzee

750 2293 897 2370 Req.
944 2293 1305 2355 Davidsohn
1348 2294 1786 2371 Forsckunqen
1827 2295 1866 2354 I
1909 2294 2045 2356 132.

429 2519 566 2578 252.
1694 2515 1909 2576 Monte
1957 2516 2250 2595 Voltraq‘O,
2294 2516 2376 2575 22
2415 2515 2670 2577 Januar
2709 2514 2886 2575 1200.

555 2614 857 2677 Consules
902 2614 1122 2676 Vult.
1159 2622 1226 2675 et
1256 2613 1543 2675 Sancti
1582 2613 2052 2675 Geminiani
2080 2615 2368 2674 iuramus
2397 2621 2612 2674 ratum
2650 2619 2888 2686 tenere,

429 2714 736 2792 quicquid
777 2711 1069 2774 consules
1111 2711 1348 2773 Montis
1392 2712 1699 2773 Vultrarii
1743 2711 1967 2772 arbitri
1994 2710 2363 2772 statuerint.
2447 2708 2692 2771 Arbitri
2724 2708 2885 2770 diffi-

428 2813 659 2885 nimus,
691 2813 865 2891 quod
908 2811 1197 2873 homines
1238 2811 1462 2875 Sancti
1501 2810 1865 2873 Geminiani
1908 2811 2122 2871 iurent
2155 2808 2404 2872 salvare
2431 2808 2887 2882 Vulterranos;

425 2911 588 2972 duos
609 2910 883 2972 arbitros
904 2910 1190 2971 habeant
1212 2909 1296 2970 ad
1317 2909 1758 2971 terminandas
1779 2908 2133 2970 discordias
2154 2928 2302 2968 cum
2325 2909 2433 2969 eis.
2460 2904 2762 2971 Consules
2785 2905 2888 2967 vel

424 3009 722 3070 dominus
760 3008 959 3069 castri
999 3007 1215 3069 Sancti
1260 3005 1623 3068 Geminiani
1663 3006 2022 3087 capitulum
2078 3004 2158 3067 de
2214 3004 2471 3068 arbitris
2525 3007 2594 3066 in
2648 3006 2885 3067 consti-

424 3108 676 3168 tutione
717 3107 1027 3184 imponat.
1071 3104 1331 3166 Nullam
1376 3105 1750 3165 societatem
1793 3112 2022 3165 contra
2064 3103 2242 3165 Vult.
2285 3103 2552 3164 faciant.
2597 3103 2746 3164 Non
2789 3122 2880 3163 re-

421 3204 666 3284 cipiant
709 3202 1018 3265 villanum
1072 3202 1154 3263 de
1208 3202 1578 3265 hominibus
1631 3202 1807 3263 Vult.
1852 3204 1917 3263 in
1973 3203 2199 3263 civem.
2258 3200 2454 3264 Omni
2509 3201 2884 3280 decempnio

422 3303 713 3363 consules
756 3301 838 3362 ad
878 3301 1211 3362 civitatem
1254 3299 1430 3360 Vult.
1474 3306 1629 3369 eant
1669 3307 1737 3360 et
1778 3300 2072 3361 consules
2113 3300 2467 3377 inquirant,
2512 3307 2589 3360 ut
2641 3297 2888 3359 faciant

421 3397 638 3458 subire
676 3396 867 3458 huius
909 3396 1244 3458 concordie
1272 3404 1787 3469 sacramentum;
1816 3397 1973 3458 item
2006 3396 2251 3458 faciant
2284 3396 2649 3457 Vulterrani
2676 3415 2711 3455 e
2738 3414 2886 3456 con-

424 3514 625 3557 verso.
669 3496 1050 3557 Iuramenta
1086 3493 1266 3555 facta
1290 3513 1410 3572 pro
1450 3495 1625 3556 facto
1666 3495 1982 3555 castri’de
2028 3494 2263 3562 Pietra‚
2295 3513 2419 3573 que
2447 3494 2677 3555 civitas
2704 3492 2884 3554 Vult.

424 3593 769 3671 acquisivit
810 3594 876 3652 in
931 3590 1299 3652 hominibus
1356 3591 1836 3664 Montistiniosi,
1881 3611 2012 3654 non
2057 3591 2351 3664 valeant3
2394 3591 2694 3670 deinceps
2747 3590 2883 3650 nul·

427 3689 560 3749 lum
624 3689 1011 3768 acquisitum
1075 3687 1320 3750 faciant
1380 3707 1497 3766 pro
1559 3689 1817 3749 comuni
1879 3689 1945 3749 in
2009 3696 2222 3749 castro
2282 3688 2364 3749 de
2424 3687 2883 3748 Montetiniosi.

422 3784 747 3864 Quicquid
790 3786 1101 3865 Ugolinus
1143 3786 1223 3846 de
1280 3786 1498 3848 Pietra
1551 3794 1618 3847 et
1671 3796 1939 3865 nepotes
1992 3785 2311 3848 dederunt
2366 3784 2764 3846 Vulterranis
2819 3784 2885 3844 in

423 3892 607 3945 carta
645 3890 714 3944 et
755 3885 1154 3958 iuramentis,
1198 3882 1519 3955 habeant3
1568 3882 1874 3964 quicquid
1930 3883 2020 3944 illi
2075 3884 2156 3944 de
2211 3883 2453 3944 Sancto
2505 3881 2886 3943 Geminiano

424 3980 660 4043 habere
687 3989 1163 4042 consueverunt
1190 3983 1257 4042 in
1288 3982 1499 4055 Petra,
1531 3981 1834 4043 habeant.
1917 3981 2588 4052 MCLXXXXVIIII,
2620 3980 2719 4041 XI
2754 3979 2883 4041 kal.

422 4077 602 4150 febr„
647 4080 777 4140 ind.
821 4078 948 4140 III.
1032 4080 1199 4140 Acta
1248 4079 1313 4140 in
1357 4078 1545 4141 harce
1600 4079 1839 4140 Montis
1882 4079 2192 4140 Vultrarii
2233 4080 2301 4139 in
2354 4068 2636 4140 claustro
2682 4076 2884 4156 plebis

422 4194 636 4237 coram
674 4176 974 4238 Rainerio
999 4175 1501 4237 Carneinventre
1533 4175 1615 4237 de
1643 4175 1835 4239 Colle.
1880 4174 2333 4251 Bonastrenna
2359 4177 2439 4237 de
2467 4175 2653 4237 Colle.
2685 4175 2883 4236 Fran-

570 4404 611 4465 ·)
654 4390 794 4452 Uber
829 4402 935 4451 den
970 4401 1135 4451 Bund
1170 4401 1264 4451 der
1299 4402 1570 4452 kleineren
1617 4402 1737 4453 Orte
1789 4401 2256 4455 Zemraltoecanas
2306 4416 2472 4464 oeqen
2510 4399 2732 4451 Florem
2766 4399 2883 4450 und

422 4488 528 4539 am
562 4489 735 4551 Kriou
772 4504 875 4539 von
912 4489 1221 4549 semitam.
1259 4490 1359 4547 aas
1395 4490 1500 4540 aen
1533 4491 1649 4540 0501»
1686 4489 1854 4541 diceas
1904 4490 2021 4540 und
2068 4491 2155 4541 deo
2188 4476 2471 4553 quenden
2507 4486 2767 4552 Roqmm
2800 4489 2884 4538 ba-

420 4580 620 4637 ιωιωι,
658 4580 948 4642 molazano
997 4580 1315 4632 Davidwhn
1353 4566 1660 4632 ommam
1693 4581 1730 4630 1
1781 4583 2031 4634 628-637.
2117 4582 2501 4644 Ρωωιωηρω
2540 4580 2577 4629 1
2629 4581 2880 4630 132-137.

434 4668 628 4720 Viam·
663 4668 700 4733 ι
736 4670 909 4732 primi
941 4670 1045 4719 due
1078 4670 1238 4719 moze
1271 4671 1411 4721 aena
1445 4673 1612 4722 storia
1646 4671 1707 4721 aa
1743 4671 1968 4722 rerem
1994 4671 2015 4698 ⁸
2043 4673 2292 4722 155-158.
2442 4672 2484 4732 ²)
2524 4670 2615 4719 Im
2652 4666 2882 4732 abaqen

424 4757 711 4819 emm-iem
746 4758 838 4808 der
873 4757 1094 4808 Schwm·
1128 4760 1248 4809 dem
1284 4759 1680 4823 Goqenechwur.
