4000 5700
1084 476 1526 532 REGESTUM
1564 478 2249 533 VOLATERRANUM
2829 480 2894 537 17

438 691 517 732 83.
561 674 627 735 S.
670 691 757 732 m.
800 672 1021 732 Manni
1060 679 1129 732 et
1170 672 1339 733 Ursi.
1386 673 1756 734 Camerinus
1798 673 2238 735 vicedominus
2281 680 2347 735 et
2387 693 2528 735 can.
2574 675 2896 737 Martinus

437 767 646 845 presb.
691 775 760 829 et
799 788 939 829 can.
982 768 1323 829 Anselmus
1363 768 1566 830 levita
1603 775 1670 830 ct
1711 789 1851 830 can.
1896 768 2226 831 Grasolfus
2270 769 2478 849 presb.
2522 776 2592 832 et
2631 790 2772 834 can.
2810 791 2892 832 ss.

439 864 499 923 S.
545 884 627 926 m.
675 865 937 927 Rodulfi
976 865 1020 925 f.
1067 864 1130 926 b.
1175 885 1259 925 m.
1302 865 1698 927 Tenderichi.
1743 866 2009 928 Berardi
2051 866 2097 929 f.
2142 866 2204 928 b.
2251 887 2336 929 m.
2381 868 2650 930 Andree.
2698 868 2896 930 Uuidi

436 959 482 1021 f.
527 958 589 1021 b.
634 980 721 1021 m.
764 961 1141 1022 Tenderichi
1183 968 1263 1021 tt.
1352 961 1737 1023 Adalbertus
1778 969 1914 1024 not.
1958 965 2091 1043 inp.

770 1059 925 1121 Volt.
972 1059 1192 1138 ACap.
1239 1080 1303 1121 π.
1333 1061 1415 1122 22
1456 1060 1628 1138 Θήρ.

438 1290 537 1348 50.
2049 1291 2342 1366 Volterra,
2388 1293 2712 1355 Dezembcr
2752 1295 2892 1356 972.

557 1386 716 1448 Otto
758 1387 890 1466 inp
937 1407 995 1447 a.
1040 1387 1218 1448 ΧΙΙι
1231 1392 1250 1464 )
1293 1394 1362 1463 et
1401 1387 1445 1448 f.
1492 1389 1628 1449 eius
1676 1389 1958 1468 itemque
1988 1390 2119 1467 inp.
2172 1409 2230 1450 a.
2281 1390 2396 1461 VI,
2441 1391 2603 1465 dec„
2652 1391 2783 1453 ind.
2838 1391 2890 1451 Ι.

437 1484 773 1546 Gundus
813 1484 1118 1546 arhidiac.
1163 1493 1229 1547 et
1257 1487 1617 1565 prepositus
1644 1505 1694 1546 s.
1727 1485 2065 1547 Ottabiani
2107 1489 2276 1548 iuste
2303 1486 2532 1548 domus
2573 1489 2896 1568 episcopio

436 1582 647 1643 Volot.
692 1602 806 1662 per
844 1603 1226 1644 consensum
1265 1583 1671 1644 sacerdotum
1726 1604 1865 1645 can.
1909 1584 2192 1645 fralmm²
2199 1589 2536 1663 >meorum
2591 1591 2660 1647 et
2700 1585 2895 1647 levite

436 1686 503 1740 et
542 1681 788 1740 ciratici
831 1680 940 1740 lib.
984 1700 1155 1741 nom.
1201 1681 1287 1741 do
1327 1688 1525 1760 atque
1566 1681 1751 1742 firmo
1793 1680 2102 1742 Iohannis
2143 1681 2188 1743 f.
2235 1682 2296 1742 b.
2342 1702 2426 1742 m.
2472 1681 2711 1743 Geritie
2758 1703 2893 1744 cas·

436 1778 574 1837 sina
627 1796 740 1838 seu
797 1782 969 1838 terra
1023 1779 1091 1837 in
1144 1777 1613 1856 Villamangna‚
1658 1778 1852 1839 modo
1892 1798 1941 1838 r.
1985 1798 2101 1857 per
2152 1778 2443 1858 Roperto
2497 1799 2710 1851 mass„
2753 1799 2892 1859 per-

436 1876 682 1936 tinente
720 1875 803 1937 de
844 1876 994 1936 eccl.
1041 1882 1107 1937 et
1145 1876 1333 1955 plebe
1375 1882 1597 1937 nostra
1638 1897 1686 1937 s.
1720 1876 2028 1937 Iohannis
2056 1875 2298 1939 batiste
2325 1883 2394 1939 et
2436 1897 2484 1938 s.
2517 1878 2890 1950 Felicitatis,

435 1980 659 2034 tenens
689 1977 754 2034 in
782 1980 945 2035 terra
981 1966 1090 2035 ubi
1122 1995 1261 2036 voc.
1294 1995 1341 2036 s.
1368 1976 1679 2055 Prosperi,
1711 1976 1819 2037 via
1839 1975 2121 2055 publica,
2147 1982 2317 2037 terra
2338 1976 2600 2037 Teudici
2620 1978 2690 2050 8),
2721 1982 2893 2037 terra

436 2072 693 2135 Rodulfi
718 2074 764 2148 ⁸)
808 2093 911 2153 gg.
954 2075 1111 2147 eius,
1142 2093 1259 2153 pro
1285 2093 1441 2153 pens
1483 2076 1551 2135 in
1591 2074 1736 2135 fest.
1768 2094 1817 2135 s,
1842 2075 2042 2135 Marie
2083 2074 2252 2136 infra
2294 2080 2525 2155 agusto
2566 2093 2699 2154 arg.
2742 2075 2889 2137 den.

436 2169 526 2231 VI
568 2168 629 2230 b.
674 2189 817 2250 exp.
849 2172 1057 2249 qualis
1098 2190 1212 2250 per
1251 2176 1447 2251 temp.
1481 2192 1563 2245 0.;
1587 2177 1736 2250 post
1763 2177 1945 2233 tuam
1973 2178 2246 2233 mortem
2275 2191 2375 2233 res
2402 2173 2470 2231 in
2496 2176 2889 2251 potestatem

434 2268 692 2328 Raineri
734 2274 803 2329 et
856 2268 1053 2329 Uuidi
1109 2289 1211 2350 gg.
1256 2269 1559 2331 infantuli
1611 2269 1658 2330 f.
1704 2269 1939 2349 Ingitie
1992 2269 2364 2341 deveniant;
2407 2288 2551 2347 pen.
2598 2288 2728 2348 arg.
2774 2269 2888 2331 sol.

434 2363 654 2425 XXX.
744 2365 997 2426 'Actum
1042 2366 1372 2428 Voloterre
1413 2367 1581 2428 infra
1622 2368 1910 2428 civitate.
2012 2366 2286 2427 Gund0.·
2310 2366 2631 2428 Iohannes
2679 2367 2890 2445 presb.

431 2461 801 2523 Camerinus
841 2463 1041 2525 levita
1082 2469 1151 2524 et
1190 2484 1329 2524 can.
1374 2462 1778 2525 Rainbaldus
1818 2461 2204 2542 archipresb.
2250 2468 2319 2524 et
2364 2463 2515 2524 kan.
2560 2461 2893 2529 Grasolfus

433 2558 636 2637 proeb.
681 2565 750 2620 et
790 2580 930 2621 can.
976 2561 1427 2623 Ermendricus
1468 2559 1675 2641 presb.
1721 2566 1788 2621 et
1827 2579 1968 2621 can.
2014 2560 2320 2622 Adelmus
2361 2561 2625 2621 clericus
2649 2565 2718 2620 et
2746 2579 2890 2621 can.

430 2656 770 2718 Anselmus
811 2660 1203 2737 primicerius
1244 2665 1313 2720 et
1352 2678 1492 2719 can.
1535 2658 1797 2719 Andrea
1834 2658 2045 2737 presb.
2090 2663 2306 2719 custos
2347 2664 2415 2718 et
2455 2678 2596 2719 can.
2643 2677 2725 2719 se.
2771 2657 2888 2720 Pe·

431 2762 568 2815 trus
609 2754 804 2816 iudex
845 2757 974 2836 inp.
1020 2763 1102 2818 tt.
1144 2756 1490 2818 'retbertus
1517 2756 1728 2818 iudex.
1760 2756 1893 2835 inp.
1924 2761 2004 2817 tt.
2037 2754 2409 2817 Uuillerado
2437 2760 2519 2816 tt.
2548 2775 2632 2817 ss.
2720 2755 2888 2818 Gho-

430 2852 620 2914 rardo
659 2858 778 2914 not
817 2855 948 2933 inp.

761 2950 920 3013 Volt.
964 2950 1185 3030 AG'ap.
1226 2972 1291 3014 π.
1332 2952 1416 3015 23
1455 2950 1628 3031 Oriq.

431 3184 529 3244 51.
1933 3183 2229 3249 Volterra
2272 3183 2356 3245 29
2395 3183 2719 3245 Dezcmber
2744 3183 2886 3246 973.

549 3280 710 3342 Otto
764 3283 1072 3360 inperatir
1128 3281 1170 3341 f.
1229 3281 1291 3343 b.
1336 3300 1420 3342 m.
1467 3281 1696 3343 Ottoni
1738 3281 1871 3364 inp
1915 3301 1975 3342 a.
2022 3281 2113 3341 VI
2151 3284 2238 3360 ⁴,·)
2279 3285 2543 3360 quarto
2554 3280 2887 3357 ka1.ian.,

429 3377 558 3439 ind.
603 3377 693 3439 II.
779 3379 1076 3439 Petrus
1116 3378 1331 3440 Volot.
1375 3398 1476 3459 ep.
1520 3378 1631 3440 lib.
1677 3398 1848 3461 nom.
1907 3378 1994 3440 do
2049 3377 2321 3439 Fluritio
2375 3377 2420 3438 f.
2478 3376 2643 3439 Urse
2685 3384 2754 3440 et
2793 3376 2886 3439 Si·

427 3477 587 3556 gitio
627 3476 672 3536 f.
717 3475 780 3536 b.
824 3496 909 3538 m.
953 3476 1115 3538 Talfi
1157 3477 1405 3538 cassina
1445 3496 1553 3538 seo
1591 3478 1843 3557 integra
1875 3475 2055 3554 petia
2081 3475 2163 3536 de
2192 3479 2362 3536 terra
2390 3475 2561 3535 iusta
2589 3493 2774 3536 muro
2802 3475 2889 3537 de

424 3573 760 3635 civitatem
790 3567 1038 3647 velot„
1081 3594 1207 3654 que
1248 3580 1431 3636 benet
1470 3575 1556 3636 ad
1597 3593 1871 3646 murum,
1920 3574 1985 3634 in
2026 3573 2188 3651 ripa,
2229 3572 2297 3633 in
2341 3578 2513 3633 terra
2556 3592 2606 3632 s.
2659 3572 2885 3647 Marie,

427 3673 492 3732 in
548 3673 721 3733 viam
772 3672 1115 3753 publicam,
1160 3673 1353 3735 modo
1394 3693 1444 3735 r.
1488 3676 1601 3753 per
1639 3671 1905 3734 Stefano
1960 3677 2030 3733 et
2071 3671 2284 3744 lanta,
2328 3690 2377 3731 r.
2419 3670 2549 3732 fm‘t
2603 3690 2719 3749 per
2771 3670 2886 3750 qd.

424 3771 558 3831 Leo
596 3769 828 3850 presb„
872 3790 1048 3851 pene.
1093 3791 1310 3833 annua
1348 3773 1417 3832 in
1456 3771 1602 3832 fest.
1646 3790 1697 3831 e.
1742 3770 1941 3830 Marie
1982 3770 2052 3830 in
2094 3773 2324 3849 agusto
2372 3770 2693 3830 arientum
2733 3768 2881 3829 den.

424 3887 538 3929 sex
560 3867 620 3929 b.
652 3888 803 3950 exp.
828 3869 1036 3950 qualis
1063 3887 1176 3948 per
1203 3875 1401 3949 temp.
1432 3889 1514 3941 o.,
1545 3889 1676 3930 una
1699 3869 1838 3929 vice
1880 3869 1948 3929 in
1989 3886 2162 3930 anno
2189 3866 2275 3928 ad
2302 3867 2618 3928 iustitiam
2646 3865 2880 3958 facien·

424 3965 577 4028 dam
619 3969 836 4029 venire
876 3966 1187 4041 debeatis;
1231 3987 1374 4048 pen.
1419 3968 1645 4028 arient.
1688 3966 1800 4027 sol.
1848 3966 2098 4047 viginti.
2182 3964 2329 4026 Act.
2358 3964 2498 4026 loco
2527 3964 2702 4025 intus
2728 3964 2888 4025 civi-

424 4071 631 4126 tatem
675 4065 885 4127 Volot.
968 4066 1201 4127 Petrus
1241 4085 1339 4145 ep.
1383 4086 1465 4126 ss.
1510 4065 1571 4126 S.
1604 4084 1688 4126 m.
1734 4063 1986 4125 Fluritii
2031 4068 2100 4124 et
2142 4061 2394 4142 Sigitii.
2417 4060 2679 4123 Rodulfi
2722 4060 2766 4121 f.
2814 4058 2882 4120 b.

425 4180 510 4221 m.
554 4162 864 4224 Ildiberti.
910 4164 1184 4225 Iohanni
1226 4163 1270 4224 f.
1313 4162 1629 4224 Cuneradi
1673 4167 1753 4223 tt.
1799 4161 2031 4223 Petrus
2077 4160 2273 4222 iudex
2321 4160 2475 4238 imp.
2520 4177 2601 4219 ss.
2648 4157 2885 4218 Petrus

424 4264 505 4319 tt.
549 4279 629 4321 ss.
715 4260 1044 4324 Gherardo
1082 4266 1220 4323 not.
1264 4263 1418 4341 imp.

582 4361 593 4368 '
751 4358 911 4420 Vola.
954 4358 1193 4448 AVa-sc.
1222 4379 1274 4420 s.
1305 4358 1372 4419 X
1411 4358 1535 4420 dec.
1565 4357 1607 4418 6
1636 4377 1709 4418 m.
1754 4357 1794 4418 2
1834 4354 2008 4433 Oriq.

568 4602 612 4669 ¹)
661 4602 917 4654 Ver-‚chen
949 4605 1046 4665 fiir
1082 4603 1187 4653 XI.
1331 4598 1376 4667 ⁹)
1417 4618 1483 4650 Ξ
1520 4600 1777 4651 fratrum:
1908 4595 1954 4665 ⁸)
1993 4595 2128 4658 Gra!
2165 4596 2395 4648 Tmen·
2427 4594 2465 4645 I
2499 4594 2617 4647 und
2651 4592 2882 4656 Rodulf,

424 4692 601 4746 Selom
636 4692 898 4744 Get-harda
931 4691 985 4753 1,
1021 4708 1125 4742 aue
1159 4691 1280 4742 dem
1315 4690 1504 4741 Haase
1540 4689 1910 4741 Gherardesca.
2059 4688 2104 4748 ⁴)
2146 4685 2537 4747 Vmeh'envsar
2559 4683 2694 4734 VII.

624 4871 673 4921 ⁷2
