4000 5700
1094 546 1538 603 REGESTUM
1578 547 2265 602 VOLATERRANUM
2842 548 2904 600 11

449 745 648 805 levita
689 749 755 803 et
796 763 939 804 can.
981 742 1358 804 Camerinus
1409 742 1607 802 levita
1663 748 1730 801 et
1784 761 1925 802 can.
1971 741 2101 801 Leo
2157 742 2364 819 presb.
2411 748 2476 801 et
2533 760 2673 804 can.
2720 741 2911 803 Adal·

454 860 691 902 manno
731 839 940 919 presb.
985 846 1054 901 et
1094 859 1235 899 can.
1279 858 1361 899 88.
1407 838 1470 900 S.
1517 858 1601 898 m.
1642 839 1903 915 Petri').
1992 837 2408 899 Raimbertus
2451 844 2585 898 not.

783 937 938 1000 Vou.
984 938 1203 1016 ACap.
1246 958 1309 999 n.
1354 938 1435 999 12
1464 936 1637 1014 Orio.

454 1108 549 1167 34.
2139 1105 2435 1177 Volterra,
2481 1106 2728 1182 Anqust
2770 1105 2909 1167 957.

570 1205 1076 1284 Nognentesimo
1118 1204 1649 1284 quinquagesimo
1690 1206 1985 1283 septimo,
2032 1210 2329 1284 augustO,
2375 1204 2506 1264 ind.
2552 1203 2696 1264 XV.
2783 1205 2918 1264 Ar·

452 1303 698 1364 naldo
736 1302 1077 1364 archidiac.
1123 1302 1390 1363 custode
1427 1302 1576 1363 eccl.
1607 1322 1657 1363 8.
1689 1301 2037 1363 Octabiani
2063 1322 2179 1381 per
2204 1321 2581 1363 consensum
2612 1321 2751 1362 can.
2781 1302 2907 1363 fra-

452 1411 623 1462 trum
670 1421 954 1462 meorum
998 1421 1104 1461 seo
1145 1401 1375 1461 levitae
1403 1400 1615 1479 adque
1643 1401 1984 1473 citatiois²)
2016 1401 2123 1461 lib.
2155 1401 2290 1461 iure
2317 1400 2500 1461 firmo
2528 1401 2695 1463 Urso
2721 1400 2765 1460 f.
2796 1400 2906 1480 qd.

452 1499 753 1578 Leuperti
794 1519 1009 1563 casam
1052 1506 1119 1560 et
1161 1505 1398 1560 terram
1443 1500 1509 1559 in
1550 1498 1772 1572 Cei-ba,
1817 1501 1947 1559 iam
1989 1519 2039 1560 r.
2070 1519 2186 1578 per
2213 1499 2322 1578 qd.
2354 1498 2524 1559 Sisto
2554 1518 2764 1571 mass„
2796 1502 2907 1578 qui

449 1617 818 1677 supranom.
861 1598 1172 1659 Columbo
1214 1617 1377 1669 voc.;
1422 1603 1594 1658 terra
1620 1598 1904 1676 pertinet
1931 1598 2018 1658 ad
2046 1599 2159 1658 ecl.
2191 1618 2241 1659 8.
2274 1596 2617 1659 Octabiani
2659 1597 2740 1658 de
2767 1599 2910 1676 ipsa,

450 1698 791 1770 canonica;
835 1717 953 1775 pro
992 1716 1170 1776 pens,
1215 1716 1365 1757 ann.
1408 1698 1473 1756 in
1503 1696 1649 1757 fest.
1681 1716 1730 1757 8.
1760 1696 1957 1758 Mario
1986 1699 2053 1760 in
2082 1716 2228 1776 aug.
2260 1696 2570 1758 solvenda
2597 1716 2729 1775 arg.
2759 1697 2905 1758 den.

449 1794 721 1855 duodeci
762 1794 825 1854 b.
868 1814 1014 1872 exp.
1058 1794 1265 1873 qualis
1309 1813 1424 1872 per
1463 1799 1662 1872 temp.
1714 1813 1798 1865 0.;
1845 1814 1992 1873 pen.
2045 1814 2177 1873 arg.
2228 1795 2341 1855 sol.
2392 1799 2675 1855 centum.
2762 1795 2904 1855 Act.

450 1890 664 1951 Volot.
749 1890 1070 1952 Arnoldus
1110 1891 1453 1952 archidiac.
1500 1890 1907 1951 Adalmanno
1947 1891 2158 1970 presb.
2189 1897 2254 1951 et
2282 1890 2433 1954 kan.
2465 1889 2795 1951 Gotserius
2825 1891 2908 1952 le-

452 1991 590 2050 vita
632 1996 699 2048 et
739 1988 889 2049 ken.
934 1987 1168 2051 Gundo
1211 1989 1409 2049 levita
1452 1995 1518 2049 et
1572 1989 1723 2050 kan.
1780 2009 1862 2050 88.
1921 1987 1982 2048 S.
2043 2010 2129 2050 m.
2187 1989 2373 2051 Urs0.
2431 1987 2717 2069 sigifridi
2769 1994 2910 2050 not.

450 2106 534 2148 88.
578 2087 641 2148 S.
688 2107 773 2146 111.
803 2086 1207 2147 Tassimanni
1235 2086 1282 2146 f.
1314 2086 1376 2147 b.
1409 2106 1492 2147 m.
1525 2086 1904 2148 Gunterami
1933 2092 2016 2147 tt..
2048 2086 2309 2148 Rodulfi
2349 2086 2395 2147 f.
2428 2086 2491 2147 b.
2523 2105 2609 2147 111.
2641 2086 2789 2147 Poti
2824 2088 2905 2146 tt.

452 2185 736 2244 Berardo
776 2191 914 2245 not.

778 2282 939 2345 Volt.
984 2282 1205 2360 AOap.
1247 2303 1312 2344 π.
1357 2282 1439 2344 13
1467 2283 1639 2360 Oriq.

452 2452 549 2511 35.
2240 2450 2532 2521 Volcano,
2575 2449 2727 2511 Juli
2767 2450 2904 2510 959.

573 2547 991 2626 Berengarius
1033 2554 1099 2606 ct
1141 2546 1529 2608 Adalbertus
1563 2546 1610 2607 f.
1639 2548 1775 2608 eius
1803 2546 2059 2627 regibus
2087 2568 2147 2608 8.
2178 2566 2367 2617 non0,
2399 2547 2607 2618 influe,
2654 2547 2782 2607 ind.
2813 2567 2918 2607 se·-

449 2643 685 2706 cunda.
770 2643 980 2704 Boeo
1021 2644 1236 2704 Volot.
1279 2664 1380 2722 ep.
1424 2642 1532 2704 lib.
1577 2646 1712 2704 iure
1754 2644 1939 2705 firmo
1982 2645 2177 2705 Petro
2218 2644 2264 2704 f.
2307 2643 2416 2721 qd.
2469 2642 2794 2721 Erinperti
2839 2650 2905 2705 et

449 2740 647 2803 vitali
689 2741 737 2801 f.
782 2740 891 2821 qd.
936 2741 1197 2802 Martini
1226 2760 1441 2802 (1888111
1471 2748 1538 2802 et
1580 2747 1818 2801 sortem
1862 2742 1925 2801 in
1972 2742 2324 2815 Ancaian0‚
2354 2740 2468 2801 ubi
2505 2740 2920 2803 Casamaiore

451 2859 611 2913 voc„
656 2844 850 2901 antea
890 2860 941 2901 r.
985 2860 1099 2919 per
1142 2838 1483 2918 Erinperto
1527 2859 1739 2912 111888.,
1782 2841 2065 2918 pertinet
2100 2839 2248 2901 eccl.
2294 2860 2345 2900 8.
2390 2838 2732 2901 Octabiani
2773 2859 2918 2919 quo-

448 2943 547 2998 est
587 2937 668 2998 de
709 2940 848 3017 ipsa
888 2941 1198 3000 canonica
1239 2945 1305 2998 et
1333 2945 1431 2999 est
1459 2939 1540 2998 de
1581 2941 1722 3015 su⁸)
1766 2940 1900 2999 iure
1927 2940 2306 3017 epscopatui
2335 2944 2576 3010 nostr0,
2607 2937 2692 2998 ad
2727 2958 2903 3016 pene.

449 3038 515 3095 in
553 3035 701 3097 fest.
746 3055 793 3097 8.
836 3037 1035 3096 Mai-ie
1080 3038 1144 3096 in
1184 3055 1328 3114 aug.
1360 3036 1507 3096 eccl.
1537 3056 1586 3096 8.
1619 3035 1965 3097 Octabiani
1996 3058 2037 3097 8
2061 3055 2211 3114 pars
2240 3037 2436 3114 ipsius
2465 3036 2754 3096 canonici
2783 3036 2900 3096 801-

450 3132 727 3194 vendam
768 3153 900 3214 arg.
944 3133 1090 3194 den.
1134 3133 1401 3194 duodeci
1446 3132 1508 3194 b.
1546 3153 1691 3212 exp.
1723 3133 1930 3212 qualis
1959 3154 2074 3212 per
2102 3139 2300 3212 temp.
2332 3153 2415 3206 0.;
2446 3152 2592 3212 pen.
2624 3152 2757 3211 arg.
2789 3134 2903 3193 sol.

448 3233 806 3292 sexxainta.
890 3231 1035 3292 Act.
1078 3231 1293 3292 Volot.
1365 3232 1535 3292 Boso
1575 3251 1675 3309 ep.
1719 3251 1801 3292 88.
1847 3231 1909 3292 S.
1956 3252 2042 3292 m.
2086 3230 2166 3291 de
2193 3232 2609 3310 suprascripti
2639 3234 2905 3309 promis-

448 3329 593 3388 sori.
640 3327 957 3388 Arnoldus
1002 3328 1341 3389 archidiac.
1386 3327 1709 3388 Iohannes
1737 3328 2125 3407 archipresb.
2158 3326 2390 3388 Gundo
2418 3327 2618 3388 levita
2646 3332 2712 3386 et·
2753 3327 2904 3389 ken.

448 3444 528 3486 88.
573 3424 635 3485 S.
681 3446 768 3485 m.
810 3424 1116 3487 Mainaldi
1157 3425 1203 3486 f.
1248 3426 1310 3486 b.
1357 3446 1440 3486 m.
1485 3425 1824 3487 Kamarini
1868 3433 1948 3486 tt.
1995 3424 2256 3487 Berardi
2300 3424 2346 3484 f.
2393 3425 2643 3486 Andree
2672 3431 2755 3486 tt.
2788 3427 2918 3487 Be*

448 3522 636 3582 tardo
678 3528 814 3583 not.
857 3542 939 3583 88.
1026 3522 1418 3584 Rainbertus
1458 3528 1596 3583 not.

777 3618 934 3681 Vou.
978 3619 1201 3697 ACap.
1244 3638 1305 3678 n.
1349 3619 1430 3680 14
1460 3618 1634 3696 Orio.

450 3785 544 3846 36·
570 3882 846 3943 ‘Livello
885 3882 1058 3943 fatto
1099 3883 1185 3943 da
1241 3883 1451 3944 Boso
1506 3902 1778 3944 vescovo
1817 3884 1989 3945 nella
2029 3891 2206 3944 corte
2247 3885 2316 3945 di
2358 3885 2422 3946 S.
2470 3788 2904 3946 Eggzss09igss

450 3997 538 4039 un
576 3986 752 4040 certo
795 3979 1175 4041 Raimberto
1197 3983 1247 4058 ⁴)
1289 4000 1404 4058 per
1459 3981 1498 4041 il
1556 4000 1801 4041 canone
1855 3980 1924 4041 di
1977 3980 2188 4042 dodici
2246 3982 2469 4042 denari
2525 3982 2902 4060 d’argent0.’

448 4075 615 4137 Boeo
657 4096 757 4154 ep.
800 4074 1043 4157 [Volot.
1086 4079 1219 4158 88.].
1266 4076 1328 4138 S.
1375 4097 1459 4138 m.
1505 4077 1886 4140 Raimberti.
1932 4079 2267 4158 Teudingo
2295 4080 2342 4140 f.
2388 4081 2414 4160 [
2421 4127 2577 4141 .....
2583 4081 2608 4160 ]
2639 4081 2917 4160 Berta⁶)-

450 4175 673 4254 [....
720 4176 916 4334 ιιἐξα(
955 4255 1196 4336 AVoeo.
1241 4275 1410 4352 App.
1453 4294 1501 4334 ε.
1544 4273 1612 4334 X
1666 4295 1727 4336 n.
1771 4275 1812 4335 3
1852 4275 2072 4354 Reqeet
2112 4296 2161 4337 ε.
2207 4276 2461 4337 XVIII
2496 4278 2568 4338 In
2617 4276 2916 4337 canatis-

766 4367 1172 4447 Copialbuch.
1216 4370 1385 4447 Orio.
1429 4369 1916 4432 verechwunden.

592 4578 631 4639 ¹)
670 4575 775 4626 Die
817 4575 1169 4636 Unterochrilt
1204 4577 1378 4628 seim
1416 4577 1938 4628 Mitkcontrahenten
1978 4578 2178 4641 (ἔνεμον
2211 4579 2361 4639 fehlt.
2509 4580 2551 4643 ¹)
2589 4582 2664 4630 So
2701 4582 2903 4631 werden

452 4665 509 4715 in
542 4665 781 4715 Vnum-a
801 4665 886 4714 dic
908 4665 1091 4717 clerici
1117 4666 1395 4717 minorum
1420 4667 1681 4716 ordinum
1700 4667 2006 4718 bezeichnet.
2121 4671 2163 4730 '⁰)
2187 4686 2247 4715 .--.
2275 4668 2399 4720 eub.
2523 4669 2566 4730 ⁴)
2601 4670 2917 4732 Verqleiche-

451 4753 558 4805 946
591 4752 736 4815 Sept.
883 4750 926 4815 ¹')
973 4753 1125 4803 wohl
1163 4754 1407 4804 Bet-ardo
1447 4754 1488 4805 f.
1526 4753 1758 4804 Andree.
