4000 5700
1054 527 1498 583 REGESTUM
1536 530 1587 581 V
1591 530 1694 583 OL
1704 529 1977 583 ATERR
1984 531 2093 583 AN
2100 531 2155 584 U
2159 530 2219 583 M
2763 531 2869 585 249

443 622 768 629 --—-—--·---—-.-.

409 720 654 783 Casulis
694 723 763 782 in
801 720 996 782 domo
1036 720 1262 802 plebis.
1366 722 1801 803 [Bondellino]
1844 722 1953 804 qd.
1997 723 2177 785 Corsi
2229 724 2464 785 comite
2517 723 2599 784 de
2653 723 2865 785 Gitan-

408 818 731 898 ghalandi.
776 818 1060 881 Fastiolo
1103 828 1240 881 not.
1291 820 1402 899 qd.
1460 818 1846 881 Rustichini.
1905 820 2190 883 Porcello
2244 821 2354 901 qd.
2413 821 2868 901 Buonsignoris

410 917 490 977 de
531 915 899 1078 cmhffoiis
925 1014 1169 1077 AVeec.
1212 1034 1262 1076 ε.
1305 1014 1499 1079 xm
1534 1014 1661 1078 ax.
1693 1016 1732 1079 7
1769 1036 1834 1077 n.
1878 1016 1960 1077 16
1985 1016 2158 1094 orsq.
2192 1016 2335 1094 (aue
2358 1016 2492 1078 dm·
2526 1016 2868 1079 Urbanam

725 1112 842 1190 aut
879 1112 1219 1175 dem-selben
1259 1112 1648 1190 Peroamcnt,
1690 1113 1861 1175 etark
1901 1113 2268 1193 beochddiuss
2297 1114 2453 1177 ohne
2479 1115 2865 1194 completio).

408 1362 544 1424 746.
2073 1364 2333 1436 orviette,
2374 1364 2452 1425 31
2496 1363 2643 1425 Mai
2684 1363 2862 1425 1263.

529 1458 1004 1521 Ottobonus
1045 1479 1096 1520 s.
1144 1458 1412 1522 Adriani
1451 1459 1616 1521 diac.
1663 1461 1858 1532 card„
1906 1461 2165 1522 auditor
2208 1461 2272 1522 in
2313 1481 2507 1521 causa
2537 1462 2705 1522 inter
2731 1480 2863 1521 ma·

406 1559 679 1629 sistrum
722 1562 790 1617 et
828 1556 1059 1617 fratres
1103 1557 1438 1635 hospitalis
1479 1556 1559 1618 de
1601 1557 1949 1636 Altopassu
1991 1557 2144 1619 Luc
2189 1558 2353 1620 dioc.
2397 1565 2463 1619 et
2506 1559 2863 1637 capitulum

407 1653 606 1725 Vult„
648 1659 1061 1733 procuratore
1105 1652 1442 1733 hospitalis
1482 1654 1682 1716 fratre
1725 1654 2014 1716 Iohanne
2055 1655 2134 1716 de
2178 1654 2515 1717 Flumalbo
2545 1662 2612 1716 et
2638 1675 2862 1735 procu·

407 1760 616 1813 ratore
658 1750 926 1830 capituli
969 1751 1305 1813 Leonardo
1345 1752 1426 1814 de
1468 1751 1706 1814 Sancto
1748 1753 2132 1815 Geminiano
2185 1752 2726 1833 comparentibuS,
2771 1773 2863 1814 re-

404 1850 576 1928 cepit
616 1846 899 1910 libellum
945 1849 1271 1924 Iohanni3‚
1316 1848 1491 1928 quod
1533 1855 1905 1912 contractus
1943 1851 2158 1911 factus
2200 1870 2313 1930 per
2368 1851 2635 1912 fratrem
2692 1850 2863 1911 Gali-

405 1969 557 2028 gum
600 1948 709 2027 qd.
755 1954 1066 2013 rectorem
1110 1947 1446 2027 hospitalis
1487 1949 1622 2010 sine
1650 1967 1960 2010 consensu
1988 1949 2270 2010 fratrum
2298 1968 2444 2010 cum
2475 1948 2863 2028 quibusdam

404 2046 724 2106 canonicis
765 2045 964 2116 Vult„
997 2065 1063 2104 se
1090 2043 1252 2105 falso
1280 2045 1711 2125 asserentibus
1739 2046 2118 2124 capitulum,
2149 2045 2228 2107 de
2259 2048 2460 2115 terris,
2494 2066 2655 2124 quas
2681 2046 2863 2107 dedit

403 2143 725 2204 canonicis
765 2145 1024 2204 nomine
1065 2141 1403 2222 hospitalis
1444 2163 1492 2203 s.
1539 2142 1845 2204 Iohannis
1885 2143 1965 2203 de
2009 2142 2408 2204 Sorbolatico
2449 2163 2647 2223 prope
2680 2143 2860 2206 Vult.

403 2262 520 2321 pro
561 2241 799 2304 XVIII
840 2242 1008 2303 mod.
1053 2241 1360 2303 frumenti
1390 2239 1619 2305 annuis
1643 2244 1708 2317 ¹),
1744 2242 1961 2303 irritus
2004 2242 2109 2302 sit.
2143 2240 2218 2302 Ο.
2251 2242 2640 2314 ordinamus,
2686 2242 2862 2321 quod

405 2340 722 2419 hospitale
751 2341 1074 2401 canonicis
1103 2338 1507 2400 solummodo
1537 2338 1672 2400 XII
1703 2339 1950 2400 modios
1980 2341 2319 2400 annuatim
2342 2338 2495 2399 dare
2517 2346 2582 2399 et
2605 2340 2862 2418 insuper

403 2437 503 2499 OC
544 2436 653 2498 lib.
690 2436 860 2509 Sen.‚
893 2438 1019 2497 Pis.
1050 2439 1185 2497 sive
1208 2435 1383 2500 Vult.
1414 2436 1559 2497 den.
1586 2437 1818 2497 minut.
1842 2436 2012 2497 infra
2042 2438 2366 2515 proximas
2386 2436 2513 2498 kal.
2547 2436 2655 2496 iul.
2686 2435 2861 2515 apud

405 2556 575 2596 mon.
621 2555 671 2595 e.
715 2535 878 2596 Iusti
927 2533 1156 2614 (Vult.)
1199 2534 1516 2614 deponere
1557 2533 1750 2595 debet
1794 2533 1877 2594 ad
1925 2537 2322 2614 emptionem
2378 2541 2695 2596 terrarum
2732 2535 2859 2595 uti·-

406 2635 560 2694 lium
588 2634 846 2695 ecclesie
872 2633 1051 2695 Vult.
1137 2632 1375 2693 Iacobo
1402 2633 1788 2712 archipresb.
1819 2634 1996 2696 Vult.
2032 2632 2257 2694 Fratre
2286 2633 2575 2695 Iohanne
2604 2633 2683 2693 de
2711 2632 2859 2693 Flu·

403 2730 637 2793 malbO.
682 2730 976 2791 Melendo
1016 2729 1358 2791 archidiac.
1405 2730 1775 2791 Asteriensi.
1821 2731 2131 2809 Magistro
2173 2730 2471 2791 Rolando
2500 2728 2579 2791 de
2607 2730 2857 2792 Carina.

402 2828 640 2891 Iacobo
681 2828 891 2908 presb.
936 2834 1179 2890 rectore
1221 2827 1371 2889 cccl.
1415 2848 1465 2888 e.
1509 2828 1707 2890 Marie
1750 2828 1815 2890 in
1857 2827 2164 2908 Vertighe
2206 2828 2382 2890 Aret.
2427 2828 2589 2890 dioc.
2635 2828 2861 2890 Fratre

403 2928 690 2988 Iohanne
731 2925 941 3006 presb.
985 2926 1323 3005 hospitalis
1366 2924 1445 2988 de
1487 2928 1852 3006 Altopassu.
1899 2927 2208 3004 Magistro
2251 2926 2592 2988 Guillelmo
2631 2925 2711 2987 de
2752 2926 2856 2987 Se·

401 3037 611 3106 gestro
653 3028 959 3105 scriptore
1003 3045 1188 3106 pape.
1234 3026 1522 3087 Iohanne
1549 3027 1629 3086 de
1657 3028 1884 3089 Castro
1915 3027 2144 3099 Plebis,
2174 3027 2315 3088 aliis
2345 3033 2423 3087 tt.
2510 3027 2653 3087 Act.
2684 3025 2860 3105 apud

407 3124 937 3186 Urbemveterem
959 3126 1027 3185 in
1055 3124 1336 3203 hospitio
1364 3124 1723 3185 cardinalis.
1807 3124 2226 3196 MCCLXHI,
2260 3124 2488 3185 ultimo
2525 3124 2697 3196 maii,
2726 3123 2856 3184 ind.

403 3222 514 3292 VI‚
561 3222 810 3283 Urbani
851 3222 991 3283 IIII
1034 3227 1215 3303 pont.
1261 3221 1350 3281 11.
1439 3223 1744 3302 Magister
1785 3222 2279 3284 Bartholomeus
2321 3222 2401 3282 de
2446 3222 2669 3300 Regio.

729 3320 889 3383 Volt.
923 3320 1142 3398 AC'ap.
1175 3340 1235 3380 η..
1265 3320 1388 3381 252
1414 3320 1584 3398 Oria.

403 3564 536 3625 747.
2008 3561 2223 3633 Simu,
2264 3560 2343 3623 21
2389 3559 2637 3637 Auqust
2677 3559 2854 3620 1263.

521 3660 937 3732 MCCLXHI,
981 3660 1113 3722 ind.
1157 3658 1270 3728 VI.
1314 3659 1452 3721 XII
1495 3658 1622 3720 kal.
1665 3665 1830 3738 sept.
1917 3658 2524 3737 Inghirammus
2578 3656 2659 3718 de
2700 3656 2855 3719 Gor·

400 3778 561 3821 zano
603 3759 725 3820 Dei
766 3766 833 3818 et
874 3761 1049 3839 regia
1089 3760 1301 3838 gratia
1341 3763 1722 3836 potestas
1764 3759 1936 3820 Sen.
1980 3756 2389 3818 concedimus
2444 3756 2565 3816 tibi
2620 3754 2858 3816 Iacobo

402 3858 659 3919 Consilii
699 3875 817 3935 pro
859 3862 926 3918 te
966 3863 1034 3917 et
1075 3854 1386 3918 fratribus
1413 3855 1738 3917 licentiam
1767 3853 2175 3934 recolligendi
2201 3854 2281 3914 de
2310 3853 2495 3915 bonis
2520 3853 2855 3914 hominum

401 3957 481 4016 de
521 3956 699 4018 Vult.
745 3975 946 4034 usque
986 3955 1073 4016 ad
1128 3954 1296 4017 MCC
1336 3954 1445 4015 lib.
1489 3953 1633 4014 den.
1678 3952 1845 4025 Sen.‚
1889 3952 2047 4030 quia
2100 3970 2373 4013 comune
2426 3950 2604 4013 Vult.
2648 3949 2856 4028 requi-

398 4055 616 4126 situm,
659 4059 739 4114 ut
779 4051 840 4112 ei
877 4052 1278 4116 satisfaceret
1318 4050 1399 4111 de
1440 4049 1625 4110 bonis
1665 4049 1787 4111 sibi
1827 4047 2065 4111 ablatis
2104 4068 2145 4109 a
2187 4043 2455 4110 Pulcino
2481 4049 2621 4108 cive
2648 4047 2852 4120 Vult„

400 4170 530 4211 non
569 4150 746 4211 fecit.
828 4151 975 4211 Act.
1018 4149 1216 4211 Senis.
1313 4149 1539 4209 Mocza
1590 4146 1816 4208 iudice.
1874 4146 2194 4208 Palmerio
2248 4145 2532 4206 Rainerii
2589 4152 2727 4205 not.
2772 4149 2852 4204 tt.

399 4247 833 4311 Guiduccinus
874 4248 982 4326 qd.
1027 4247 1333 4309 Iohannis
1375 4251 1509 4307 not.

721 4347 977 4407 Florenz
1020 4347 1170 4407 Ast.
1220 4345 1410 4421 (Volt.
1457 4365 1519 4404 n.
1565 4343 1708 4418 815)
1753 4341 1925 4420 Oriy.

545 4665 585 4726 ¹)
626 4664 716 4712 Im
750 4663 918 4712 Jahre
963 4664 1115 4717 1219,
1156 4661 1300 4722 Θήρ.
1331 4660 1462 4709 ῑόιι.
1503 4659 1714 4720 ACap..
1753 4659 1931 4720 Βεζεθά
1971 4660 2071 4720 (an
2109 4667 2243 4707 rotet·
2278 4656 2702 4721 Seidenschnur)
2744 4670 2855 4705 vcr-

396 4754 556 4803 loren.
