4000 5700
1072 499 1515 553 REGESTUM
1554 498 2238 553 VOLATERRANUM
2388 478 2394 483 ’
2774 498 2880 553 220

425 695 566 756 dice
607 696 953 774 potestatis
994 700 1074 756 tt.
1162 693 1509 755 Frenectus
1550 693 1811 773 Ugolini
1850 694 1931 755 de
1975 691 2213 755 Sancto
2255 693 2472 756 Pietro
2501 693 2683 755 vallis
2709 694 2881 758 Here

428 792 614 854 Fred.
661 795 813 871 imp.
858 797 1016 863 not.,
1060 800 1134 853 ut
1176 793 1238 852 in
1283 793 1444 853 actis
1486 791 1857 852 cancellarie
1900 790 2024 851 Pis.

746 890 1010 953 Florem
1052 889 1206 952 Ast.
1254 890 1447 965 (Vult.
1478 888 1643 951 1258
1678 889 1809 951 VII
1840 890 1940 957 25,
1970 910 2036 950 n.
2071 889 2215 967 725)
2243 889 2417 967 Θήρ.
2502 890 2616 951 Ed.
2649 890 2880 953 θεοίνια

744 988 828 1051 56
864 988 952 1049 ad
989 987 1153 1050 1258
1196 987 1735 1065 (uavollstdndiq).
1778 986 1905 1049 Cit.
1947 986 2527 1067 Pfluqk·Harttunq
2569 989 2697 1049 Iter
2735 988 2876 1050 550.

424 1186 563 1246 687.
2125 1183 2342 1253 Siena
2385 1184 2467 1246 28
2506 1183 2658 1245 Juli
2698 1184 2877 1246 1257.

546 1280 918 1352 MOCLVII,
964 1280 1091 1341 ind.
1138 1280 1282 1352 XV,
1312 1278 1526 1340 Vkal.
1558 1300 1703 1360 aug.
1790 1280 2235 1342 Rainerius
2275 1280 2513 1342 electus
2554 1281 2732 1343 Vult.
2765 1301 2880 1360 pro

423 1379 836 1459 expediendis
888 1377 1143 1452 debitis,
1195 1378 1429 1457 quibus
1471 1384 1767 1439 tenemur
1818 1379 2216 1459 Bentivegne
2259 1379 2550 1441 Davanzi
2598 1379 2678 1440 de
2734 1378 2878 1440 Flo·

422 1480 663 1545 rentia¹
674 1486 691 1556 )
723 1486 788 1539 et
817 1480 1253 1540 contraximus
1282 1498 1399 1557 pro
1428 1477 1865 1557 recolligendis
1895 1478 2080 1539 bonis
2108 1480 2517 1559 episcopatus
2545 1486 2613 1540 et
2641 1499 2757 1559 pro
2785 1500 2877 1541 re·

422 1577 704 1641 laxando
750 1575 993 1645 debite,
1038 1595 1170 1654 quo
1211 1575 1592 1637 tenebamur
1632 1576 1817 1637 Dolci
1858 1582 1925 1636 et
1975 1576 2214 1638 Iacobo
2262 1575 2553 1638 Ghiberti
2604 1577 2687 1638 de
2735 1576 2876 1639 Flo·

423 1679 649 1749 rentia,
705 1694 832 1755 que
874 1675 1330 1745 contraximus,
1376 1693 1521 1734 cum
1565 1673 1804 1735 fuimus
1844 1675 1911 1734 in
1954 1676 2239 1736 exercitu
2284 1675 2579 1737 Romane
2619 1676 2767 1737 eccl.
2810 1678 2877 1737 in

424 1775 658 1854 Apulia
678 1775 747 1851 ⁸),
777 1771 1222 1834 Ildibrandino
1246 1770 1533 1832 Tolomei
1560 1771 1701 1832 Seu.
1736 1773 2072 1833 vendimus
2101 1771 2348 1833 fruc-tus
2376 1775 2569 1834 castri
2589 1773 2670 1837 de
2698 1773 2877 1834 Mon-

420 1873 661 1934 talcino
688 1877 756 1932 et
777 1870 924 1931 ville
953 1870 1033 1930 de
1053 1869 1350 1931 Certaldo
1373 1888 1520 1929 cum
1543 1870 1819 1949 signoria
1848 1871 1982 1929 eius
2015 1870 2099 1931 ad
2127 1869 2362 1930 testum
2387 1871 2674 1930 omnium
2696 1889 2877 1932 sanc-

423 1980 638 2033 torum
664 1974 733 2029 et
759 1974 998 2029 extunc
1030 1966 1111 2029 ad
1140 1967 1270 2029 VII
1298 1986 1501 2027 annos
1544 1987 1658 2045 pro
1685 1968 1886 2029 CCCC
1914 1967 2022 2029 lib.
2055 1968 2199 2028 den.
2232 1967 2372 2028 Sen.
2413 1970 2643 2029 minut.
2729 1970 2873 2030 Act.

422 2067 617 2129 Senis
731 2065 1014 2127 Ranerio
1059 2064 1304 2126 Mathei
1351 2064 1577 2125 iudice.
1625 2062 1848 2125 Scotto
1901 2064 2300 2126 Rustichelli.
2346 2064 2585 2127 Iacobo
2624 2065 2874 2128 Uberti.

422 2165 701 2227 Ranerio
746 2162 1150 2242 Uguiccionis
1191 2165 1259 2222 et
1300 2161 1579 2222 Ranerio
1621 2161 1862 2222 Bianco
1906 2168 1984 2223 tt.
2070 2161 2553 2224 Ildibrandinus
2595 2162 2700 2242 qd.
2748 2163 2875 2225 Ra-

418 2265 578 2325 nerii
616 2269 750 2323 not.

748 2358 906 2419 Volt.
950 2358 1192 2420 AVeeo.
1235 2376 1285 2418 ε.
1329 2357 1523 2419 XIII
1560 2356 1665 2418 dec
1713 2357 1753 2418 6
1779 2378 1842 2419 n.
1874 2356 1956 2419 54
1981 2356 2154 2435 Oriq.
2189 2355 2404 2433 (durch
2432 2357 2707 2420 Sclmitte
2736 2359 2875 2420 kas-

738 2457 930 2532 siert).
1014 2454 1133 2515 Ed.
1180 2453 1402 2516 Giaohi
1438 2457 1453 2489 ¹
1487 2454 1607 2515 165
1640 2479 1710 2512 z:
1745 2456 1766 2488 ³
1795 2454 1932 2516 492.

418 2650 558 2711 688.
2083 2649 2342 2721 Viterbo,
2385 2651 2468 2711 30
2506 2650 2652 2711 Juli
2695 2651 2870 2714 1257.

539 2748 1008 2810 Alexander
1049 2746 1156 2808 IV
1199 2749 1507 2828 magistro
1552 2746 1797 2809 Uberto
1838 2747 1921 2811 de
1948 2748 2346 2827 Coquenat0.
2430 2746 2873 2829 Conquerente

419 2850 569 2911 olim
622 2847 975 2925 (Rainerio)
1030 2845 1209 2909 Vult.
1268 2846 1489 2920 electo,
1550 2846 1726 2927 quod
1782 2846 2177 2921 Florentius,
2234 2847 2490 2922 Pisana,
2556 2850 2870 2923 Senensis,

416 2945 803 3008 Vulterrana
844 2945 1161 3018 civitatee,
1206 2943 1428 3005 Sancti
1470 2945 1853 3017 Geminiani,
1898 2943 2121 3006 Sancti
2148 2946 2425 3019 Miniati,
2451 2946 2872 3022 Podiibonizi,

416 3045 497 3106 de
539 3044 710 3106 Colle
750 3044 1117 3105 communia
1157 3050 1226 3105 et
1267 3043 1680 3123 quamplures
1721 3042 2077 3124 singulares
2120 3062 2385 3123 persone
2438 3053 2654 3106 castra
2693 3042 2870 3106 Vult.

415 3143 581 3204 dioc.
643 3141 958 3210 detinent.
1015 3143 1323 3220 magistro
1365 3141 1646 3203 Ubaudo
1689 3140 2021 3221 capellano
2062 3162 2181 3203 suo
2220 3162 2390 3203 nunc
2433 3142 2796 3205 Chervicnsi
2824 3146 2873 3221 ⁸)

416 3239 618 3301 electo
659 3258 830 3318 papa
871 3240 1316 3309 mandaverat,
1360 3244 1438 3299 ut
1478 3243 1855 3318 potestates.
1900 3237 2291 3316 capitaneos,
2336 3238 2724 3300 consiliarios
2765 3258 2873 3301 ex·

416 3337 1014 3408 communicatione,
1078 3336 1380 3396 civitates
1441 3334 1784 3398 interdicto
1845 3336 1933 3397 ad
1991 3336 2466 3416 restitutionem
2532 3342 2869 3401 coartaret.

415 3434 652 3495 Verum
696 3433 960 3513 quidam
1000 3432 1283 3494 Ubaudo
1325 3437 1813 3512 proposuerunt,
1860 3433 2034 3511 quod
2065 3432 2403 3511 procedere
2430 3453 2560 3495 non
2590 3433 2869 3506 valebat,

414 3533 565 3612 quia
607 3550 795 3593 cause
840 3535 1125 3609 tempore
1168 3529 1681 3609 predecessorum
1725 3530 1907 3591 electi
1950 3530 2091 3590 aliis
2134 3529 2451 3592 iudicibus
2486 3528 2777 3611 delegate
2803 3537 2870 3594 et

413 3628 811 3709 temporibus
852 3629 1138 3708 Gregorii
1183 3627 1335 3706 (IX)
1366 3629 1451 3689 ad
1478 3648 1579 3708 ap.
1612 3629 1829 3689 sedem
1858 3635 2156 3689 revocate
2182 3628 2465 3702 fuerunt3
2497 3631 2673 3708 quod
2700 3650 2868 3692 com·

412 3727 633 3788 munia
674 3727 859 3788 citari
899 3746 1027 3787 non
1072 3735 1393 3806 poterant,
1435 3726 1590 3806 quia
1628 3727 1696 3787 in
1738 3726 1968 3786 litteris
2011 3726 2483 3799 continebatur,
2531 3727 2704 3807 quod
2731 3747 2870 3806 per·

412 3826 715 3888 sonaliter
758 3827 1088 3889 accederet
1126 3826 1477 3898 Ubaudus;
1524 3826 1696 3905 quod
1741 3845 1853 3904 per
1908 3827 2073 3887 hanc
2129 3825 2480 3887 clausulam
2538 3827 2642 3888 alii
2698 3828 2871 3888 ultra

411 3931 693 4004 quatuor
734 3945 862 3985 non
903 3923 1207 4002 poterant
1249 3926 1608 3996 conveniri3
1666 3931 1734 3985 et
1788 3925 1961 4002 quod
2021 3926 2195 4002 prius
2250 3928 2617 3986 communia
2672 3945 2868 4006 quam

410 4021 761 4103 singulares
800 4040 1065 4100 persone
1106 4021 1539 4083 conveniendo
1582 4029 1785 4094 erant,
1818 4027 2013 4102 prout
2042 4021 2281 4083 electus
2310 4021 2655 4084 intimavit.
2687 4022 2866 4084 Man-

411 4121 545 4192 dat,
604 4120 910 4199 quatinus
958 4120 1265 4198 procedat-
1319 4138 1511 4198 super
1558 4118 1700 4191 hoc,
1747 4138 1876 4180 non
1920 4118 2335 4181 obstantibus
2383 4120 2869 4199 exceptionibus

411 4237 525 4278 nec
567 4217 1029 4278 constitutione
1070 4217 1151 4277 de
1206 4216 1459 4278 duabus
1515 4217 1705 4277 dietis
1763 4235 1969 4295 neque
2025 4216 2256 4278 litteris
2311 4237 2411 4295 ap.
2457 4218 2541 4279 ab
2596 4218 2867 4280 adversa

409 4321 592 4394 parte
633 4314 996 4392 impetratis
1040 4314 1136 4374 vel
1183 4313 1603 4392 impetrandis
1646 4314 1725 4373 de
1753 4312 2159 4392 presentibus
2186 4314 2442 4392 plenam
2475 4334 2603 4375 non
2630 4314 2863 4376 facien·

552 4629 595 4695 ¹)
632 4628 791 4680 sicko
826 4645 881 4680 π.
923 4631 1041 4681 679.
1261 4629 1306 4692 ⁸)
1343 4629 1502 4678 Sidae
1542 4645 1564 4678 ‹-
1590 4629 1806 4678 Bistum
1844 4630 1957 4680 und
1996 4629 2461 4689 Geldwirtochast»
2497 4629 2568 4678 ΙΙ
2612 4629 2862 4680 297-299.

408 4717 454 4784 ⁸)
493 4718 684 4767 Germ‘a
720 4717 805 4768 bei
840 4718 1118 4778 Ravenna,
1164 4720 1475 4768 1:257-1264.
