<?xml version="1.0" encoding="UTF-8"?>
<!DOCTYPE html PUBLIC "-//W3C//DTD XHTML 1.0 Transitional//EN"
    "http://www.w3.org/TR/xhtml1/DTD/xhtml1-transitional.dtd">
<html xmlns="http://www.w3.org/1999/xhtml" xml:lang="en" lang="en">
 <head>
  <title>
</title>
<meta http-equiv="Content-Type" content="text/html;charset=utf-8" />
  <meta name='ocr-system' content='tesseract 3.04.00' />
  <meta name='ocr-capabilities' content='ocr_page ocr_carea ocr_par ocr_line ocrx_word'/>
</head>
<body>
  <div class='ocr_page' id='page_1' title='image "./regestumvolater01schngoog_0122.png"; bbox 0 0 4000 5700; ppageno 0'>
   <div class='ocr_carea' id='block_1_1' title="bbox 1074 546 2900 603">
    <p class='ocr_par' dir='ltr' id='par_1_1' title="bbox 1074 546 2900 603">
     <span class='ocr_line' id='line_1_1' title="bbox 1074 546 2900 603; baseline -0.002 0"><span class='ocrx_word' id='word_1_1' title='bbox 1074 551 1148 603; x_wconf 78' lang='lat'><strong>54</strong></span> <span class='ocrx_word' id='word_1_2' title='bbox 1722 547 2170 603; x_wconf 79' lang='lat' dir='ltr'>REGESTUM</span> <span class='ocrx_word' id='word_1_3' title='bbox 2209 546 2900 601; x_wconf 65' lang='lat' dir='ltr'><strong>VOLATERRANUM</strong></span> 
     </span>
    </p>
   </div>
   <div class='ocr_carea' id='block_1_2' title="bbox 3110 639 3536 647">
    <p class='ocr_par' dir='ltr' id='par_1_2' title="bbox 3110 639 3536 647">
     <span class='ocr_line' id='line_1_2' title="bbox 3110 639 3536 647; baseline 0 0"><span class='ocrx_word' id='word_1_4' title='bbox 3110 639 3536 647; x_wconf 95' lang='lat' dir='ltr'><strong> </strong></span> 
     </span>
    </p>
   </div>
   <div class='ocr_carea' id='block_1_3' title="bbox 1079 741 3543 2877">
    <p class='ocr_par' dir='ltr' id='par_1_3' title="bbox 1080 741 3536 812">
     <span class='ocr_line' id='line_1_3' title="bbox 1080 741 3536 812; baseline -0.001 -8"><span class='ocrx_word' id='word_1_5' title='bbox 1080 745 1218 806; x_wconf 86' lang='lat'><strong>150.</strong></span> <span class='ocrx_word' id='word_1_6' title='bbox 2065 742 2243 804; x_wconf 70' lang='lat' dir='ltr'><strong>Ioola</strong></span> <span class='ocrx_word' id='word_1_7' title='bbox 2285 741 2379 803; x_wconf 79' lang='lat' dir='ltr'><strong>bei</strong></span> <span class='ocrx_word' id='word_1_8' title='bbox 2418 742 2555 803; x_wconf 72' lang='lat' dir='ltr'><strong>San</strong></span> <span class='ocrx_word' id='word_1_9' title='bbox 2595 741 2894 812; x_wconf 77' lang='grc' dir='ltr'><strong><em>Μίπίσω,</em></strong></span> <span class='ocrx_word' id='word_1_10' title='bbox 2938 741 3022 803; x_wconf 82' lang='lat'><strong>26</strong></span> <span class='ocrx_word' id='word_1_11' title='bbox 3059 741 3316 802; x_wconf 71' lang='lat' dir='ltr'><strong><em>Januar</em></strong></span> <span class='ocrx_word' id='word_1_12' title='bbox 3354 741 3536 802; x_wconf 84' lang='lat'><strong>1115.</strong></span> 
     </span>
    </p>

    <p class='ocr_par' dir='ltr' id='par_1_4' title="bbox 1079 839 3543 2877">
     <span class='ocr_line' id='line_1_4' title="bbox 1196 839 3533 920; baseline -0.002 -17"><span class='ocrx_word' id='word_1_13' title='bbox 1196 841 1622 913; x_wconf 80' lang='lat' dir='ltr'><strong>Mcxv,V11</strong></span> <span class='ocrx_word' id='word_1_14' title='bbox 1650 841 1777 902; x_wconf 77' lang='lat' dir='ltr'><strong>kal.</strong></span> <span class='ocrx_word' id='word_1_15' title='bbox 1807 842 1960 907; x_wconf 83' lang='lat' dir='ltr'><strong>feb.</strong></span> <span class='ocrx_word' id='word_1_16' title='bbox 1986 842 2120 903; x_wconf 86' lang='lat' dir='ltr'><strong>ind.</strong></span> <span class='ocrx_word' id='word_1_17' title='bbox 2153 840 2341 902; x_wconf 90' lang='lat' dir='ltr'><strong>VIII.</strong></span> <span class='ocrx_word' id='word_1_18' title='bbox 2411 839 2826 901; x_wconf 80' lang='lat' dir='ltr'><strong>Gerardus</strong></span> <span class='ocrx_word' id='word_1_19' title='bbox 2851 840 2934 900; x_wconf 88' lang='lat' dir='ltr'><strong>de</strong></span> <span class='ocrx_word' id='word_1_20' title='bbox 2961 839 3321 920; x_wconf 75' lang='lat' dir='ltr'><strong>catignano</strong></span> <span class='ocrx_word' id='word_1_21' title='bbox 3347 839 3394 900; x_wconf 98' lang='grc' dir='ltr'><strong>Ξ.</strong></span> <span class='ocrx_word' id='word_1_22' title='bbox 3425 839 3533 918; x_wconf 90' lang='lat' dir='ltr'><strong>qd.</strong></span> 
     </span>
     <span class='ocr_line' id='line_1_5' title="bbox 1079 937 3540 1022; baseline -0.002 -19"><span class='ocrx_word' id='word_1_23' title='bbox 1079 942 1325 1022; x_wconf 78' lang='lat' dir='ltr'><strong>Ugonis</strong></span> <span class='ocrx_word' id='word_1_24' title='bbox 1352 946 1420 1001; x_wconf 88' lang='lat' dir='ltr'><strong>et</strong></span> <span class='ocrx_word' id='word_1_25' title='bbox 1447 937 1815 1002; x_wconf 87' lang='lat' dir='ltr'><strong>Albertus</strong></span> <span class='ocrx_word' id='word_1_26' title='bbox 1840 939 1888 1000; x_wconf 85' lang='lat' dir='ltr'>f</span> <span class='ocrx_word' id='word_1_27' title='bbox 1920 939 2031 1018; x_wconf 87' lang='lat' dir='ltr'><strong>qd.</strong></span> <span class='ocrx_word' id='word_1_28' title='bbox 2061 939 2296 1000; x_wconf 79' lang='lat' dir='ltr'><strong>villani</strong></span> <span class='ocrx_word' id='word_1_29' title='bbox 2322 938 2407 999; x_wconf 84' lang='lat' dir='ltr'><strong>de</strong></span> <span class='ocrx_word' id='word_1_30' title='bbox 2436 938 2658 1000; x_wconf 78' lang='lat' dir='ltr'><strong>Pescia</strong></span> <span class='ocrx_word' id='word_1_31' title='bbox 2698 937 3011 1018; x_wconf 76' lang='lat' dir='ltr'><strong>parabola</strong></span> <span class='ocrx_word' id='word_1_32' title='bbox 3033 937 3540 1000; x_wconf 81' lang='lat' dir='ltr'><strong>Guilioionis</strong></span> 
     </span>
     <span class='ocr_line' id='line_1_6' title="bbox 1080 1034 3543 1118; baseline -0.001 -19"><span class='ocrx_word' id='word_1_33' title='bbox 1080 1038 1162 1099; x_wconf 79' lang='lat' dir='ltr'><strong>de</strong></span> <span class='ocrx_word' id='word_1_34' title='bbox 1202 1038 1458 1110; x_wconf 78' lang='lat' dir='ltr'><strong>Ficiclo,</strong></span> <span class='ocrx_word' id='word_1_35' title='bbox 1501 1055 1663 1116; x_wconf 88' lang='lat' dir='ltr'><strong>quos</strong></span> <span class='ocrx_word' id='word_1_36' title='bbox 1690 1037 1837 1117; x_wconf 86' lang='lat' dir='ltr'><strong>Ugo</strong></span> <span class='ocrx_word' id='word_1_37' title='bbox 1876 1056 2091 1098; x_wconf 81' lang='lat' dir='ltr'><strong>eomes</strong></span> <span class='ocrx_word' id='word_1_38' title='bbox 2118 1038 2162 1112; x_wconf 88' lang='lat'><strong>¹)</strong></span> <span class='ocrx_word' id='word_1_39' title='bbox 2205 1034 2251 1095; x_wconf 94' lang='grc' dir='ltr'><strong>Ξ.</strong></span> <span class='ocrx_word' id='word_1_40' title='bbox 2296 1036 2407 1115; x_wconf 90' lang='lat' dir='ltr'><strong>qd.</strong></span> <span class='ocrx_word' id='word_1_41' title='bbox 2449 1036 2696 1118; x_wconf 67' lang='lat' dir='ltr'><strong>Ugorps</strong></span> <span class='ocrx_word' id='word_1_42' title='bbox 2735 1037 2891 1096; x_wconf 88' lang='lat' dir='ltr'><strong>item</strong></span> <span class='ocrx_word' id='word_1_43' title='bbox 2933 1036 3232 1097; x_wconf 82' lang='lat' dir='ltr'><strong>eomitis&#39;</strong></span> <span class='ocrx_word' id='word_1_44' title='bbox 3215 1057 3282 1097; x_wconf 87' lang='lat'><strong>111</strong></span> <span class='ocrx_word' id='word_1_45' title='bbox 3310 1034 3543 1097; x_wconf 87' lang='lat' dir='ltr'><strong>ultimo</strong></span> 
     </span>
     <span class='ocr_line' id='line_1_7' title="bbox 1080 1132 3534 1218; baseline -0.001 -22"><span class='ocrx_word' id='word_1_46' title='bbox 1080 1136 1288 1218; x_wconf 86' lang='lat' dir='ltr'><strong>elogio</strong></span> <span class='ocrx_word' id='word_1_47' title='bbox 1315 1134 1521 1196; x_wconf 84' lang='lat' dir='ltr'><strong>voluit</strong></span> <span class='ocrx_word' id='word_1_48' title='bbox 1550 1132 1825 1195; x_wconf 83' lang='lat' dir='ltr'><strong>vendere</strong></span> <span class='ocrx_word' id='word_1_49' title='bbox 1874 1133 2044 1195; x_wconf 87' lang='lat' dir='ltr'><strong>med.</strong></span> <span class='ocrx_word' id='word_1_50' title='bbox 2088 1152 2301 1194; x_wconf 85' lang='lat' dir='ltr'><strong>rerum</strong></span> <span class='ocrx_word' id='word_1_51' title='bbox 2341 1152 2603 1194; x_wconf 75' lang='lat' dir='ltr'><strong>suarum</strong></span> <span class='ocrx_word' id='word_1_52' title='bbox 2652 1151 2769 1212; x_wconf 81' lang='lat' dir='ltr'><strong>pro</strong></span> <span class='ocrx_word' id='word_1_53' title='bbox 2815 1132 3134 1194; x_wconf 86' lang='lat' dir='ltr'><strong>solutione</strong></span> <span class='ocrx_word' id='word_1_54' title='bbox 3173 1135 3273 1194; x_wconf 84' lang='lat' dir='ltr'><strong>sui</strong></span> <span class='ocrx_word' id='word_1_55' title='bbox 3312 1132 3534 1206; x_wconf 88' lang='lat' dir='ltr'><strong>debiti,</strong></span> 
     </span>
     <span class='ocr_line' id='line_1_8' title="bbox 1081 1230 3541 1313; baseline -0.002 -18"><span class='ocrx_word' id='word_1_56' title='bbox 1081 1235 1366 1313; x_wconf 81' lang='lat' dir='ltr'><strong>exeeptis</strong></span> <span class='ocrx_word' id='word_1_57' title='bbox 1406 1233 1605 1296; x_wconf 86' lang='lat' dir='ltr'><strong>servis</strong></span> <span class='ocrx_word' id='word_1_58' title='bbox 1644 1238 1710 1292; x_wconf 87' lang='lat' dir='ltr'><strong>et</strong></span> <span class='ocrx_word' id='word_1_59' title='bbox 1739 1232 1985 1293; x_wconf 80' lang='lat' dir='ltr'><strong>ancillis</strong></span> <span class='ocrx_word' id='word_1_60' title='bbox 2026 1237 2225 1312; x_wconf 78' lang='lat' dir='ltr'><strong>atque</strong></span> <span class='ocrx_word' id='word_1_61' title='bbox 2251 1232 2374 1305; x_wconf 76' lang='lat' dir='ltr'><strong>hjs,</strong></span> <span class='ocrx_word' id='word_1_62' title='bbox 2404 1250 2529 1311; x_wconf 91' lang='lat' dir='ltr'><strong>que</strong></span> <span class='ocrx_word' id='word_1_63' title='bbox 2555 1231 2835 1292; x_wconf 81' lang='lat' dir='ltr'><strong>ecelesiis</strong></span> <span class='ocrx_word' id='word_1_64' title='bbox 2867 1230 3221 1303; x_wconf 80' lang='lat' dir='ltr'><strong>reflutavit,</strong></span> <span class='ocrx_word' id='word_1_65' title='bbox 3258 1231 3541 1310; x_wconf 85' lang='lat' dir='ltr'><strong>Rugerio</strong></span> 
     </span>
     <span class='ocr_line' id='line_1_9' title="bbox 1084 1327 3540 1410; baseline -0.002 -17"><span class='ocrx_word' id='word_1_66' title='bbox 1084 1332 1261 1393; x_wconf 91' lang='lat' dir='ltr'><strong>Vult.</strong></span> <span class='ocrx_word' id='word_1_67' title='bbox 1291 1350 1391 1409; x_wconf 88' lang='lat' dir='ltr'><strong>ep.</strong></span> <span class='ocrx_word' id='word_1_68' title='bbox 1421 1329 1714 1393; x_wconf 86' lang='lat' dir='ltr'><strong>vendunt</strong></span> <span class='ocrx_word' id='word_1_69' title='bbox 1756 1329 1924 1390; x_wconf 91' lang='lat' dir='ltr'><strong>med.</strong></span> <span class='ocrx_word' id='word_1_70' title='bbox 1970 1349 2186 1390; x_wconf 86' lang='lat' dir='ltr'><strong>rerum</strong></span> <span class='ocrx_word' id='word_1_71' title='bbox 2226 1330 2474 1410; x_wconf 86' lang='lat' dir='ltr'><strong>Ugonis</strong></span> <span class='ocrx_word' id='word_1_72' title='bbox 2514 1330 2581 1389; x_wconf 89' lang='lat' dir='ltr'><strong>in</strong></span> <span class='ocrx_word' id='word_1_73' title='bbox 2621 1349 2723 1408; x_wconf 90' lang='lat' dir='ltr'><strong>ep.</strong></span> <span class='ocrx_word' id='word_1_74' title='bbox 2767 1328 2988 1400; x_wconf 65' lang='lat' dir='ltr'><strong>Volit„</strong></span> <span class='ocrx_word' id='word_1_75' title='bbox 3017 1330 3086 1392; x_wconf 90' lang='lat' dir='ltr'><strong>in</strong></span> <span class='ocrx_word' id='word_1_76' title='bbox 3112 1330 3338 1390; x_wconf 77' lang='lat' dir='ltr'><strong>castris</strong></span> <span class='ocrx_word' id='word_1_77' title='bbox 3365 1327 3540 1389; x_wconf 78' lang='lat' dir='ltr'><strong>Cati·</strong></span> 
     </span>
     <span class='ocr_line' id='line_1_10' title="bbox 1084 1425 3538 1510; baseline -0.002 -19"><span class='ocrx_word' id='word_1_78' title='bbox 1084 1450 1319 1510; x_wconf 76' lang='lat' dir='ltr'><strong>gnano,</strong></span> <span class='ocrx_word' id='word_1_79' title='bbox 1366 1428 1629 1491; x_wconf 77' lang='lat' dir='ltr'><strong>castello</strong></span> <span class='ocrx_word' id='word_1_80' title='bbox 1654 1435 1723 1489; x_wconf 85' lang='lat' dir='ltr'><strong>et</strong></span> <span class='ocrx_word' id='word_1_81' title='bbox 1751 1433 1932 1489; x_wconf 77' lang='lat' dir='ltr'><strong>curte</strong></span> <span class='ocrx_word' id='word_1_82' title='bbox 1959 1427 2041 1488; x_wconf 91' lang='lat' dir='ltr'><strong>de</strong></span> <span class='ocrx_word' id='word_1_83' title='bbox 2070 1426 2461 1507; x_wconf 68' lang='lat' dir='ltr'><strong>CategnanQ</strong></span> <span class='ocrx_word' id='word_1_84' title='bbox 2506 1426 2872 1506; x_wconf 79' lang='lat' dir='ltr'><strong>Riperotta,</strong></span> <span class='ocrx_word' id='word_1_85' title='bbox 2904 1427 3188 1499; x_wconf 87' lang='lat' dir='ltr'><strong>Arsioile,</strong></span> <span class='ocrx_word' id='word_1_86' title='bbox 3218 1425 3538 1498; x_wconf 76' lang='lat' dir='ltr'><strong>Cambasi,</strong></span> 
     </span>
     <span class='ocr_line' id='line_1_11' title="bbox 1084 1523 3535 1598; baseline -0.002 -8"><span class='ocrx_word' id='word_1_87' title='bbox 1084 1529 1324 1590; x_wconf 83' lang='lat' dir='ltr'><strong>Sancto</strong></span> <span class='ocrx_word' id='word_1_88' title='bbox 1352 1525 1706 1589; x_wconf 86' lang='lat' dir='ltr'><strong>Benedioto</strong></span> <span class='ocrx_word' id='word_1_89' title='bbox 1732 1544 1880 1586; x_wconf 85' lang='lat' dir='ltr'><strong>eum</strong></span> <span class='ocrx_word' id='word_1_90' title='bbox 1908 1530 2091 1586; x_wconf 85' lang='lat' dir='ltr'><strong>curte</strong></span> <span class='ocrx_word' id='word_1_91' title='bbox 2117 1524 2399 1598; x_wconf 82' lang='lat' dir='ltr'><strong>Muehio,</strong></span> <span class='ocrx_word' id='word_1_92' title='bbox 2443 1530 2623 1586; x_wconf 82' lang='lat' dir='ltr'><strong>curte</strong></span> <span class='ocrx_word' id='word_1_93' title='bbox 2665 1524 3013 1597; x_wconf 79' lang='lat' dir='ltr'><strong>PulicianO,</strong></span> <span class='ocrx_word' id='word_1_94' title='bbox 3043 1523 3535 1597; x_wconf 73' lang='lat' dir='ltr'><strong>collemusoiori,</strong></span> 
     </span>
     <span class='ocr_line' id='line_1_12' title="bbox 1082 1621 3538 1704; baseline -0.002 -16"><span class='ocrx_word' id='word_1_95' title='bbox 1082 1624 1614 1704; x_wconf 79' lang='lat' dir='ltr'><strong>Camporobiam,</strong></span> <span class='ocrx_word' id='word_1_96' title='bbox 1671 1622 1962 1697; x_wconf 46' lang='lat' dir='ltr'><strong>Casallia.</strong></span> <span class='ocrx_word' id='word_1_97' title='bbox 2028 1622 2238 1695; x_wconf 67' lang='lat' dir='ltr'><strong>Fusci,</strong></span> <span class='ocrx_word' id='word_1_98' title='bbox 2300 1622 2620 1694; x_wconf 74' lang='lat' dir='ltr'><strong>Mori-ona,</strong></span> <span class='ocrx_word' id='word_1_99' title='bbox 2681 1622 3082 1691; x_wconf 65' lang='lat' dir='ltr'><strong>Montanae,</strong></span> <span class='ocrx_word' id='word_1_100' title='bbox 3141 1621 3538 1695; x_wconf 68' lang='lat' dir='ltr'><strong>Petraeam,</strong></span> 
     </span>
     <span class='ocr_line' id='line_1_13' title="bbox 1081 1718 3536 1801; baseline -0.002 -16"><span class='ocrx_word' id='word_1_101' title='bbox 1081 1724 1369 1801; x_wconf 80' lang='lat' dir='ltr'><strong>exeeptis</strong></span> <span class='ocrx_word' id='word_1_102' title='bbox 1394 1724 1593 1782; x_wconf 84' lang='lat' dir='ltr'><strong>servis</strong></span> <span class='ocrx_word' id='word_1_103' title='bbox 1619 1727 1686 1782; x_wconf 91' lang='lat' dir='ltr'><strong>et</strong></span> <span class='ocrx_word' id='word_1_104' title='bbox 1714 1720 1961 1783; x_wconf 79' lang='lat' dir='ltr'><strong>ancillis</strong></span> <span class='ocrx_word' id='word_1_105' title='bbox 1989 1741 2066 1781; x_wconf 78' lang='lat' dir='ltr'><strong>ao</strong></span> <span class='ocrx_word' id='word_1_106' title='bbox 2093 1719 2298 1782; x_wconf 80' lang='lat' dir='ltr'><strong>feodis</strong></span> <span class='ocrx_word' id='word_1_107' title='bbox 2324 1723 2620 1801; x_wconf 88' lang='lat' dir='ltr'><strong>equitum</strong></span> <span class='ocrx_word' id='word_1_108' title='bbox 2648 1718 2728 1780; x_wconf 91' lang='lat' dir='ltr'><strong>de</strong></span> <span class='ocrx_word' id='word_1_109' title='bbox 2756 1719 3086 1792; x_wconf 68' lang='lat' dir='ltr'><strong>masnada,</strong></span> <span class='ocrx_word' id='word_1_110' title='bbox 3116 1739 3243 1800; x_wconf 88' lang='lat' dir='ltr'><strong>que</strong></span> <span class='ocrx_word' id='word_1_111' title='bbox 3269 1719 3398 1781; x_wconf 83' lang='lat' dir='ltr'><strong>fuit</strong></span> <span class='ocrx_word' id='word_1_112' title='bbox 3425 1719 3536 1798; x_wconf 89' lang='lat' dir='ltr'><strong>qd.</strong></span> 
     </span>
     <span class='ocr_line' id='line_1_14' title="bbox 1085 1816 3534 1902; baseline -0.001 -21"><span class='ocrx_word' id='word_1_113' title='bbox 1085 1820 1330 1902; x_wconf 80' lang='lat' dir='ltr'><strong>Ugonis</strong></span> <span class='ocrx_word' id='word_1_114' title='bbox 1351 1818 1625 1882; x_wconf 87' lang='lat' dir='ltr'><strong>comitis.</strong></span> <span class='ocrx_word' id='word_1_115' title='bbox 1647 1823 1710 1877; x_wconf 86' lang='lat' dir='ltr'><strong>et</strong></span> <span class='ocrx_word' id='word_1_116' title='bbox 1734 1824 2007 1896; x_wconf 79' lang='lat' dir='ltr'><strong>excepta</strong></span> <span class='ocrx_word' id='word_1_117' title='bbox 2027 1822 2261 1898; x_wconf 82' lang='lat' dir='ltr'><strong>quarta</strong></span> <span class='ocrx_word' id='word_1_118' title='bbox 2282 1819 2500 1880; x_wconf 86' lang='lat' dir='ltr'><strong>uxoris</strong></span> <span class='ocrx_word' id='word_1_119' title='bbox 2519 1816 2802 1878; x_wconf 89' lang='lat' dir='ltr'><strong>eiusdem</strong></span> <span class='ocrx_word' id='word_1_120' title='bbox 2825 1823 2892 1878; x_wconf 90' lang='lat' dir='ltr'><strong>et</strong></span> <span class='ocrx_word' id='word_1_121' title='bbox 2915 1817 3035 1890; x_wconf 90' lang='lat' dir='ltr'><strong>his,</strong></span> <span class='ocrx_word' id='word_1_122' title='bbox 3059 1836 3185 1895; x_wconf 88' lang='lat' dir='ltr'><strong>que</strong></span> <span class='ocrx_word' id='word_1_123' title='bbox 3204 1816 3534 1878; x_wconf 77' lang='lat' dir='ltr'><strong>reflutavit</strong></span> 
     </span>
     <span class='ocr_line' id='line_1_15' title="bbox 1082 1913 3537 1995; baseline -0.001 -17"><span class='ocrx_word' id='word_1_124' title='bbox 1082 1916 1394 1988; x_wconf 83' lang='lat' dir='ltr'><strong>eeclesiis;</strong></span> <span class='ocrx_word' id='word_1_125' title='bbox 1423 1917 1702 1994; x_wconf 88' lang='lat' dir='ltr'><strong>pretium</strong></span> <span class='ocrx_word' id='word_1_126' title='bbox 1744 1921 2132 1993; x_wconf 76' lang='lat' dir='ltr'><strong>acceperunt</strong></span> <span class='ocrx_word' id='word_1_127' title='bbox 2162 1916 2267 1978; x_wconf 89' lang='lat' dir='ltr'><strong>CL</strong></span> <span class='ocrx_word' id='word_1_128' title='bbox 2291 1915 2401 1977; x_wconf 79' lang='lat' dir='ltr'><strong>lib.</strong></span> <span class='ocrx_word' id='word_1_129' title='bbox 2431 1915 2578 1976; x_wconf 84' lang='lat' dir='ltr'><strong>den.</strong></span> <span class='ocrx_word' id='word_1_130' title='bbox 2607 1915 2763 1976; x_wconf 81' lang='lat' dir='ltr'><strong>Luc.</strong></span> <span class='ocrx_word' id='word_1_131' title='bbox 2794 1913 2881 1975; x_wconf 62' lang='lat' dir='ltr'><strong>§.d</strong></span> <span class='ocrx_word' id='word_1_132' title='bbox 2906 1914 3400 1995; x_wconf 84' lang='lat' dir='ltr'><strong>persolvendum</strong></span> <span class='ocrx_word' id='word_1_133' title='bbox 3428 1914 3537 1976; x_wconf 89' lang='lat' dir='ltr'><strong>de·</strong></span> 
     </span>
     <span class='ocr_line' id='line_1_16' title="bbox 1084 2012 3536 2092; baseline -0.001 -17"><span class='ocrx_word' id='word_1_134' title='bbox 1084 2014 1297 2075; x_wconf 85' lang='lat' dir='ltr'><strong>bitum</strong></span> <span class='ocrx_word' id='word_1_135' title='bbox 1325 2012 1568 2092; x_wconf 86' lang='lat' dir='ltr'><strong>Ugonis</strong></span> <span class='ocrx_word' id='word_1_136' title='bbox 1595 2018 1661 2072; x_wconf 90' lang='lat' dir='ltr'><strong>et</strong></span> <span class='ocrx_word' id='word_1_137' title='bbox 1690 2014 1990 2072; x_wconf 87' lang='lat' dir='ltr'><strong>meritum</strong></span> <span class='ocrx_word' id='word_1_138' title='bbox 2015 2012 2103 2074; x_wconf 80' lang='lat' dir='ltr'><strong>da</strong></span> <span class='ocrx_word' id='word_1_139' title='bbox 2119 2012 2477 2074; x_wconf 85' lang='lat' dir='ltr'><strong>Tebertello</strong></span> <span class='ocrx_word' id='word_1_140' title='bbox 2498 2013 2566 2073; x_wconf 90' lang='lat' dir='ltr'><strong>in</strong></span> <span class='ocrx_word' id='word_1_141' title='bbox 2587 2013 2727 2072; x_wconf 83' lang='lat' dir='ltr'><strong>vioe</strong></span> <span class='ocrx_word' id='word_1_142' title='bbox 2747 2013 3029 2091; x_wconf 76' lang='lat' dir='ltr'>episcopi</span> <span class='ocrx_word' id='word_1_143' title='bbox 3049 2013 3313 2073; x_wconf 81' lang='lat' dir='ltr'><strong>anulum</strong></span> <span class='ocrx_word' id='word_1_144' title='bbox 3335 2031 3536 2073; x_wconf 88' lang='lat' dir='ltr'><strong>unum</strong></span> 
     </span>
     <span class='ocr_line' id='line_1_17' title="bbox 1083 2107 3540 2189; baseline -0.001 -17"><span class='ocrx_word' id='word_1_145' title='bbox 1083 2112 1165 2173; x_wconf 90' lang='lat' dir='ltr'><strong>de</strong></span> <span class='ocrx_word' id='word_1_146' title='bbox 1200 2129 1378 2171; x_wconf 78' lang='lat' dir='ltr'><strong>auro,</strong></span> <span class='ocrx_word' id='word_1_147' title='bbox 1460 2108 1605 2169; x_wconf 83' lang='lat' dir='ltr'><strong>Aet.</strong></span> <span class='ocrx_word' id='word_1_148' title='bbox 1636 2107 1775 2169; x_wconf 83' lang='lat' dir='ltr'><strong>loeo</strong></span> <span class='ocrx_word' id='word_1_149' title='bbox 1804 2108 1980 2169; x_wconf 81' lang='lat' dir='ltr'><strong>Isula</strong></span> <span class='ocrx_word' id='word_1_150' title='bbox 2006 2128 2208 2189; x_wconf 76' lang='lat' dir='ltr'><strong>prope</strong></span> <span class='ocrx_word' id='word_1_151' title='bbox 2250 2109 2578 2170; x_wconf 79' lang='lat' dir='ltr'><strong>Iunciano.</strong></span> <span class='ocrx_word' id='word_1_152' title='bbox 2664 2108 2727 2170; x_wconf 87' lang='lat' dir='ltr'><strong>S.</strong></span> <span class='ocrx_word' id='word_1_153' title='bbox 2771 2129 2857 2169; x_wconf 90' lang='lat' dir='ltr'><strong>m.</strong></span> <span class='ocrx_word' id='word_1_154' title='bbox 2902 2108 3170 2171; x_wconf 78' lang='lat' dir='ltr'><strong>Gerardi</strong></span> <span class='ocrx_word' id='word_1_155' title='bbox 3196 2117 3262 2170; x_wconf 85' lang='lat' dir='ltr'><strong>et</strong></span> <span class='ocrx_word' id='word_1_156' title='bbox 3291 2108 3540 2170; x_wconf 85' lang='lat' dir='ltr'><strong>Alberti</strong></span> 
     </span>
     <span class='ocr_line' id='line_1_18' title="bbox 1084 2205 3538 2290; baseline -0.001 -19"><span class='ocrx_word' id='word_1_157' title='bbox 1084 2208 1393 2290; x_wconf 78' lang='lat' dir='ltr'><strong>parabola</strong></span> <span class='ocrx_word' id='word_1_158' title='bbox 1414 2205 1785 2269; x_wconf 83' lang='lat' dir='ltr'><strong>Guilicionis</strong></span> <span class='ocrx_word' id='word_1_159' title='bbox 1805 2206 1886 2269; x_wconf 91' lang='lat' dir='ltr'><strong>de</strong></span> <span class='ocrx_word' id='word_1_160' title='bbox 1906 2207 2211 2269; x_wconf 85' lang='lat' dir='ltr'><strong>Ficeoolo.</strong></span> <span class='ocrx_word' id='word_1_161' title='bbox 2243 2207 2560 2270; x_wconf 85' lang='lat' dir='ltr'><strong>Albertini</strong></span> <span class='ocrx_word' id='word_1_162' title='bbox 2582 2209 2691 2288; x_wconf 90' lang='lat' dir='ltr'><strong>qd.</strong></span> <span class='ocrx_word' id='word_1_163' title='bbox 2709 2206 2985 2269; x_wconf 80' lang='lat' dir='ltr'><strong>Gottori.</strong></span> <span class='ocrx_word' id='word_1_164' title='bbox 3019 2207 3406 2286; x_wconf 71' lang='lat' dir='ltr'><strong>Dragoncini</strong></span> <span class='ocrx_word' id='word_1_165' title='bbox 3427 2207 3538 2287; x_wconf 91' lang='lat' dir='ltr'><strong>qd.</strong></span> 
     </span>
     <span class='ocr_line' id='line_1_19' title="bbox 1082 2304 3540 2385; baseline -0.001 -18"><span class='ocrx_word' id='word_1_166' title='bbox 1082 2307 1352 2369; x_wconf 85' lang='lat' dir='ltr'><strong>Alberti.</strong></span> <span class='ocrx_word' id='word_1_167' title='bbox 1382 2304 1639 2368; x_wconf 81' lang='lat' dir='ltr'><strong>Odolini</strong></span> <span class='ocrx_word' id='word_1_168' title='bbox 1677 2305 1786 2385; x_wconf 91' lang='lat' dir='ltr'><strong>qd.</strong></span> <span class='ocrx_word' id='word_1_169' title='bbox 1830 2305 2055 2367; x_wconf 88' lang='lat' dir='ltr'><strong>Bruni.</strong></span> <span class='ocrx_word' id='word_1_170' title='bbox 2099 2304 2418 2368; x_wconf 78' lang='lat' dir='ltr'><strong>Gualandi</strong></span> <span class='ocrx_word' id='word_1_171' title='bbox 2446 2305 2556 2385; x_wconf 93' lang='lat' dir='ltr'><strong>qd.</strong></span> <span class='ocrx_word' id='word_1_172' title='bbox 2587 2306 2843 2368; x_wconf 80' lang='lat' dir='ltr'><strong>villani.</strong></span> <span class='ocrx_word' id='word_1_173' title='bbox 2887 2306 3149 2368; x_wconf 77' lang='lat' dir='ltr'><strong>Raineri</strong></span> <span class='ocrx_word' id='word_1_174' title='bbox 3175 2305 3221 2366; x_wconf 93' lang='grc' dir='ltr'><strong>Ξ.</strong></span> <span class='ocrx_word' id='word_1_175' title='bbox 3252 2304 3540 2368; x_wconf 75' lang='lat' dir='ltr'><strong>Gerardi.</strong></span> 
     </span>
     <span class='ocr_line' id='line_1_20' title="bbox 1085 2402 3538 2485; baseline -0.001 -18"><span class='ocrx_word' id='word_1_176' title='bbox 1085 2404 1486 2467; x_wconf 77' lang='lat' dir='ltr'><strong>Lambertini</strong></span> <span class='ocrx_word' id='word_1_177' title='bbox 1512 2404 1621 2484; x_wconf 90' lang='lat' dir='ltr'><strong>qd.</strong></span> <span class='ocrx_word' id='word_1_178' title='bbox 1651 2402 1999 2464; x_wconf 84' lang='lat' dir='ltr'><strong>Lamberti.</strong></span> <span class='ocrx_word' id='word_1_179' title='bbox 2034 2402 2380 2464; x_wconf 83' lang='lat' dir='ltr'><strong>Rolandini</strong></span> <span class='ocrx_word' id='word_1_180' title='bbox 2408 2410 2470 2464; x_wconf 87' lang='lat' dir='ltr'><strong>et</strong></span> <span class='ocrx_word' id='word_1_181' title='bbox 2502 2403 2925 2467; x_wconf 76' lang='lat' dir='ltr'><strong>Stradaoorta</strong></span> <span class='ocrx_word' id='word_1_182' title='bbox 2942 2424 3044 2485; x_wconf 78' lang='lat' dir='ltr'><strong>gg.</strong></span> <span class='ocrx_word' id='word_1_183' title='bbox 3069 2403 3179 2484; x_wconf 93' lang='lat' dir='ltr'><strong>qd.</strong></span> <span class='ocrx_word' id='word_1_184' title='bbox 3204 2405 3538 2467; x_wconf 76' lang='lat' dir='ltr'><strong>Bernardi.</strong></span> 
     </span>
     <span class='ocr_line' id='line_1_21' title="bbox 1085 2499 3540 2582; baseline -0 -19"><span class='ocrx_word' id='word_1_185' title='bbox 1085 2503 1402 2564; x_wconf 87' lang='lat' dir='ltr'><strong>Albertini</strong></span> <span class='ocrx_word' id='word_1_186' title='bbox 1443 2500 1552 2582; x_wconf 92' lang='lat' dir='ltr'><strong>qd.</strong></span> <span class='ocrx_word' id='word_1_187' title='bbox 1598 2501 1916 2562; x_wconf 87' lang='lat' dir='ltr'><strong>Musciori.</strong></span> <span class='ocrx_word' id='word_1_188' title='bbox 1948 2499 2228 2560; x_wconf 81' lang='lat' dir='ltr'><strong>Rolandi</strong></span> <span class='ocrx_word' id='word_1_189' title='bbox 2255 2499 2364 2580; x_wconf 92' lang='lat' dir='ltr'><strong>qd.</strong></span> <span class='ocrx_word' id='word_1_190' title='bbox 2395 2500 2570 2581; x_wconf 85' lang='lat' dir='ltr'><strong>Ughi</strong></span> <span class='ocrx_word' id='word_1_191' title='bbox 2599 2506 2680 2562; x_wconf 88' lang='lat' dir='ltr'><strong>tt.</strong></span> <span class='ocrx_word' id='word_1_192' title='bbox 2713 2500 3046 2563; x_wconf 80' lang='lat' dir='ltr'><strong>Rolandus</strong></span> <span class='ocrx_word' id='word_1_193' title='bbox 3072 2521 3154 2562; x_wconf 83' lang='lat' dir='ltr'><strong>ss.</strong></span> <span class='ocrx_word' id='word_1_194' title='bbox 3185 2500 3540 2563; x_wconf 77' lang='lat' dir='ltr'><strong>Guitardus</strong></span> 
     </span>
     <span class='ocr_line' id='line_1_22' title="bbox 1086 2596 3540 2679; baseline -0.001 -16"><span class='ocrx_word' id='word_1_195' title='bbox 1086 2601 1486 2679; x_wconf 82' lang='lat' dir='ltr'><strong>iurisperitus</strong></span> <span class='ocrx_word' id='word_1_196' title='bbox 1539 2619 1621 2659; x_wconf 83' lang='lat' dir='ltr'><strong>ss.</strong></span> <span class='ocrx_word' id='word_1_197' title='bbox 1746 2596 2132 2660; x_wconf 81' lang='lat' dir='ltr'><strong>Lambertus</strong></span> <span class='ocrx_word' id='word_1_198' title='bbox 2179 2604 2315 2659; x_wconf 89' lang='lat' dir='ltr'><strong>not.</strong></span> <span class='ocrx_word' id='word_1_199' title='bbox 2359 2599 2544 2678; x_wconf 78' lang='lat' dir='ltr'><strong>regis,</strong></span> <span class='ocrx_word' id='word_1_200' title='bbox 2671 2598 2916 2660; x_wconf 76' lang='lat' dir='ltr'><strong>Eadem</strong></span> <span class='ocrx_word' id='word_1_201' title='bbox 2957 2618 3070 2660; x_wconf 78' lang='lat' dir='ltr'><strong>ora</strong></span> <span class='ocrx_word' id='word_1_202' title='bbox 3110 2599 3429 2661; x_wconf 71' lang='lat' dir='ltr'><strong>Germ-dus</strong></span> <span class='ocrx_word' id='word_1_203' title='bbox 3469 2607 3540 2660; x_wconf 85' lang='lat' dir='ltr'><strong>et</strong></span> 
     </span>
     <span class='ocr_line' id='line_1_23' title="bbox 1084 2695 3539 2761; baseline -0 0"><span class='ocrx_word' id='word_1_204' title='bbox 1084 2700 1388 2761; x_wconf 81' lang='lat' dir='ltr'><strong>Albertus</strong></span> <span class='ocrx_word' id='word_1_205' title='bbox 1428 2704 1495 2758; x_wconf 93' lang='lat' dir='ltr'><strong>et</strong></span> <span class='ocrx_word' id='word_1_206' title='bbox 1535 2696 1888 2759; x_wconf 83' lang='lat' dir='ltr'><strong>Guilioione</strong></span> <span class='ocrx_word' id='word_1_207' title='bbox 1929 2698 2244 2758; x_wconf 82' lang='lat' dir='ltr'><strong>miserunt</strong></span> <span class='ocrx_word' id='word_1_208' title='bbox 2283 2695 2716 2758; x_wconf 83' lang='lat' dir='ltr'><strong>Tebertellum</strong></span> <span class='ocrx_word' id='word_1_209' title='bbox 2759 2700 2826 2758; x_wconf 89' lang='lat' dir='ltr'><strong>in</strong></span> <span class='ocrx_word' id='word_1_210' title='bbox 2868 2698 3165 2759; x_wconf 75' lang='lat' dir='ltr'><strong>manibus</strong></span> <span class='ocrx_word' id='word_1_211' title='bbox 3205 2698 3539 2761; x_wconf 74' lang='lat' dir='ltr'><strong>Guittardi</strong></span> 
     </span>
     <span class='ocr_line' id='line_1_24' title="bbox 1082 2793 2996 2877; baseline -0.002 -18"><span class='ocrx_word' id='word_1_212' title='bbox 1082 2800 1150 2860; x_wconf 91' lang='lat' dir='ltr'><strong>in</strong></span> <span class='ocrx_word' id='word_1_213' title='bbox 1192 2799 1330 2859; x_wconf 84' lang='lat' dir='ltr'><strong>vice</strong></span> <span class='ocrx_word' id='word_1_214' title='bbox 1354 2793 1633 2877; x_wconf 69' lang='lat' dir='ltr'><strong>&#39;Rogerii</strong></span> <span class='ocrx_word' id='word_1_215' title='bbox 1670 2814 1793 2874; x_wconf 63' lang='lat' dir='ltr'><strong>ep„</strong></span> <span class='ocrx_word' id='word_1_216' title='bbox 1836 2799 1914 2856; x_wconf 89' lang='lat' dir='ltr'><strong>ut</strong></span> <span class='ocrx_word' id='word_1_217' title='bbox 1954 2794 2244 2855; x_wconf 83' lang='lat' dir='ltr'><strong>mitteret</strong></span> <span class='ocrx_word' id='word_1_218' title='bbox 2284 2814 2431 2856; x_wconf 89' lang='lat' dir='ltr'><strong>eum</strong></span> <span class='ocrx_word' id='word_1_219' title='bbox 2473 2795 2540 2857; x_wconf 88' lang='lat' dir='ltr'><strong>in</strong></span> <span class='ocrx_word' id='word_1_220' title='bbox 2579 2796 2996 2876; x_wconf 79' lang='lat' dir='ltr'><strong>possessione.</strong></span> 
     </span>
    </p>
   </div>
   <div class='ocr_carea' id='block_1_4' title="bbox 1402 2926 3541 3089">
    <p class='ocr_par' dir='ltr' id='par_1_5' title="bbox 1402 2926 3541 3089">
     <span class='ocr_line' id='line_1_25' title="bbox 1468 2926 3541 3008; baseline 0 -17"><span class='ocrx_word' id='word_1_221' title='bbox 1468 2929 1630 2991; x_wconf 80' lang='lat' dir='ltr'><strong>Volt.</strong></span> <span class='ocrx_word' id='word_1_222' title='bbox 1664 2926 1902 2989; x_wconf 74' lang='lat' dir='ltr'><strong>AVesc.</strong></span> <span class='ocrx_word' id='word_1_223' title='bbox 1933 2947 1986 2989; x_wconf 74' lang='grc' dir='ltr'><strong>ο.</strong></span> <span class='ocrx_word' id='word_1_224' title='bbox 2024 2926 2174 2988; x_wconf 90' lang='lat' dir='ltr'><strong>XII</strong></span> <span class='ocrx_word' id='word_1_225' title='bbox 2201 2927 2328 2990; x_wconf 75' lang='lat' dir='ltr'><strong>dec.</strong></span> <span class='ocrx_word' id='word_1_226' title='bbox 2358 2927 2399 2988; x_wconf 87' lang='lat'><em>2</em></span> <span class='ocrx_word' id='word_1_227' title='bbox 2425 2948 2490 2989; x_wconf 83' lang='grc' dir='ltr'><strong>π.</strong></span> <span class='ocrx_word' id='word_1_228' title='bbox 2521 2928 2563 2989; x_wconf 82' lang='lat'><strong><em>5</em></strong></span> <span class='ocrx_word' id='word_1_229' title='bbox 2589 2928 2742 3008; x_wconf 82' lang='lat' dir='ltr'><strong>Cop.</strong></span> <span class='ocrx_word' id='word_1_230' title='bbox 2785 2948 2837 2990; x_wconf 72' lang='grc' dir='ltr'><strong>ε.</strong></span> <span class='ocrx_word' id='word_1_231' title='bbox 2869 2928 3033 2991; x_wconf 88' lang='lat' dir='ltr'><strong>XII.</strong></span> <span class='ocrx_word' id='word_1_232' title='bbox 3077 2929 3259 2991; x_wconf 73' lang='lat' dir='ltr'><strong>Liber</strong></span> <span class='ocrx_word' id='word_1_233' title='bbox 3300 2929 3541 2992; x_wconf 71' lang='lat' dir='ltr'><strong>ino-ium</strong></span> 
     </span>
     <span class='ocr_line' id='line_1_26' title="bbox 1402 3025 1645 3089; baseline -0.004 -3"><span class='ocrx_word' id='word_1_234' title='bbox 1402 3025 1501 3089; x_wconf 86' lang='lat'><strong>12&#39;</strong></span> <span class='ocrx_word' id='word_1_235' title='bbox 1541 3026 1645 3089; x_wconf 68' lang='lat' dir='ltr'><strong>eit.</strong></span> 
     </span>
    </p>
   </div>
   <div class='ocr_carea' id='block_1_5' title="bbox 1090 3274 3542 3454">
    <p class='ocr_par' dir='ltr' id='par_1_6' title="bbox 1090 3274 3536 3454">
     <span class='ocr_line' id='line_1_27' title="bbox 1090 3274 3536 3347; baseline 0 -8"><span class='ocrx_word' id='word_1_236' title='bbox 1090 3279 1223 3340; x_wconf 87' lang='lat'><strong>151.</strong></span> <span class='ocrx_word' id='word_1_237' title='bbox 2552 3274 2874 3347; x_wconf 75' lang='lat' dir='ltr'><strong><em>Fabbrica,</em></strong></span> <span class='ocrx_word' id='word_1_238' title='bbox 2920 3277 3000 3337; x_wconf 88' lang='grc'><strong>17</strong></span> <span class='ocrx_word' id='word_1_239' title='bbox 3039 3275 3317 3337; x_wconf 81' lang='lat' dir='ltr'><strong>Februar</strong></span> <span class='ocrx_word' id='word_1_240' title='bbox 3355 3276 3536 3339; x_wconf 82' lang='lat'><strong>1115.</strong></span> 
     </span>
     <span class='ocr_line' id='line_1_28' title="bbox 1203 3370 3542 3454; baseline 0 -19"><span class='ocrx_word' id='word_1_241' title='bbox 1203 3373 1467 3446; x_wconf 86' lang='lat' dir='ltr'><strong>MCXV,</strong></span> <span class='ocrx_word' id='word_1_242' title='bbox 1500 3372 1672 3434; x_wconf 86' lang='lat' dir='ltr'><strong>XIII</strong></span> <span class='ocrx_word' id='word_1_243' title='bbox 1714 3370 1841 3434; x_wconf 83' lang='lat' dir='ltr'><strong>kal.</strong></span> <span class='ocrx_word' id='word_1_244' title='bbox 1878 3377 2093 3445; x_wconf 66' lang='lat' dir='ltr'><strong>mart„</strong></span> <span class='ocrx_word' id='word_1_245' title='bbox 2127 3370 2260 3432; x_wconf 89' lang='lat' dir='ltr'><strong>ind.</strong></span> <span class='ocrx_word' id='word_1_246' title='bbox 2291 3372 2480 3433; x_wconf 84' lang='lat' dir='ltr'><strong>VIII.</strong></span> <span class='ocrx_word' id='word_1_247' title='bbox 2566 3372 3064 3452; x_wconf 74' lang='lat' dir='ltr'><strong>Reginerius</strong></span> <span class='ocrx_word' id='word_1_248' title='bbox 3104 3392 3318 3434; x_wconf 85' lang='lat' dir='ltr'><strong>eomes</strong></span> <span class='ocrx_word' id='word_1_249' title='bbox 3353 3372 3399 3434; x_wconf 91' lang='grc' dir='ltr'><strong>Ξ.</strong></span> <span class='ocrx_word' id='word_1_250' title='bbox 3429 3374 3542 3454; x_wconf 92' lang='lat' dir='ltr'><strong>qd.</strong></span> 
     </span>
    </p>
   </div>
   <div class='ocr_carea' id='block_1_6' title="bbox 1085 3469 3660 3554">
    <p class='ocr_par' dir='ltr' id='par_1_7' title="bbox 1085 3469 3660 3554">
     <span class='ocr_line' id='line_1_29' title="bbox 1085 3469 3660 3554; baseline -0 -21"><span class='ocrx_word' id='word_1_251' title='bbox 1085 3471 1417 3554; x_wconf 77' lang='lat' dir='ltr'><strong>Raginerii</strong></span> <span class='ocrx_word' id='word_1_252' title='bbox 1458 3471 1712 3530; x_wconf 84' lang='lat' dir='ltr'><strong>comitis</strong></span> <span class='ocrx_word' id='word_1_253' title='bbox 1735 3469 1784 3546; x_wconf 76' lang='lat'><strong>&#39;)</strong></span> <span class='ocrx_word' id='word_1_254' title='bbox 1826 3488 1943 3547; x_wconf 86' lang='lat' dir='ltr'><strong>pro</strong></span> <span class='ocrx_word' id='word_1_255' title='bbox 1991 3469 2275 3530; x_wconf 86' lang='lat' dir='ltr'><strong>remedio</strong></span> <span class='ocrx_word' id='word_1_256' title='bbox 2314 3471 2529 3530; x_wconf 76' lang='lat' dir='ltr'><strong>anime</strong></span> <span class='ocrx_word' id='word_1_257' title='bbox 2558 3489 2719 3541; x_wconf 89' lang='lat' dir='ltr'><strong>mee,</strong></span> <span class='ocrx_word' id='word_1_258' title='bbox 2765 3470 2930 3531; x_wconf 86' lang='lat' dir='ltr'><strong>Dine</strong></span> <span class='ocrx_word' id='word_1_259' title='bbox 2957 3472 3192 3542; x_wconf 83' lang='lat' dir='ltr'><strong>uxoris,</strong></span> <span class='ocrx_word' id='word_1_260' title='bbox 3228 3471 3432 3551; x_wconf 76' lang='lat' dir='ltr'><strong>pat-ris</strong></span> <span class='ocrx_word' id='word_1_261' title='bbox 3472 3477 3543 3532; x_wconf 84' lang='lat' dir='ltr'><strong>et</strong></span> <span class='ocrx_word' id='word_1_262' title='bbox 3655 3476 3660 3477; x_wconf 47' lang='lat'><em>⁷</em></span> 
     </span>
    </p>
   </div>
   <div class='ocr_carea' id='block_1_7' title="bbox 1081 3566 3542 4235">
    <p class='ocr_par' dir='ltr' id='par_1_8' title="bbox 1081 3566 3542 4235">
     <span class='ocr_line' id='line_1_30' title="bbox 1087 3566 3539 3648; baseline -0.001 -17"><span class='ocrx_word' id='word_1_263' title='bbox 1087 3572 1311 3633; x_wconf 75' lang='lat' dir='ltr'><strong>matris</strong></span> <span class='ocrx_word' id='word_1_264' title='bbox 1352 3569 1522 3630; x_wconf 90' lang='lat' dir='ltr'><strong>dono</strong></span> <span class='ocrx_word' id='word_1_265' title='bbox 1564 3567 1716 3629; x_wconf 84' lang='lat' dir='ltr'><strong>eoel.</strong></span> <span class='ocrx_word' id='word_1_266' title='bbox 1761 3587 1812 3627; x_wconf 93' lang='lat' dir='ltr'><strong>s.</strong></span> <span class='ocrx_word' id='word_1_267' title='bbox 1857 3567 2059 3627; x_wconf 77' lang='lat' dir='ltr'><strong>Marie</strong></span> <span class='ocrx_word' id='word_1_268' title='bbox 2099 3572 2169 3628; x_wconf 90' lang='lat' dir='ltr'><strong>et</strong></span> <span class='ocrx_word' id='word_1_269' title='bbox 2210 3587 2260 3627; x_wconf 93' lang='lat' dir='ltr'><strong>s.</strong></span> <span class='ocrx_word' id='word_1_270' title='bbox 2305 3566 2643 3628; x_wconf 77' lang='lat' dir='ltr'><strong>Benedicti</strong></span> <span class='ocrx_word' id='word_1_271' title='bbox 2686 3568 2753 3629; x_wconf 89' lang='lat' dir='ltr'><strong>in</strong></span> <span class='ocrx_word' id='word_1_272' title='bbox 2791 3567 3112 3640; x_wconf 74' lang='lat' dir='ltr'><strong>Mox-rona,</strong></span> <span class='ocrx_word' id='word_1_273' title='bbox 3156 3569 3223 3630; x_wconf 83' lang='lat' dir='ltr'><strong>in</strong></span> <span class='ocrx_word' id='word_1_274' title='bbox 3263 3587 3397 3648; x_wconf 76' lang='lat' dir='ltr'><strong>qua</strong></span> <span class='ocrx_word' id='word_1_275' title='bbox 3420 3567 3539 3629; x_wconf 83' lang='lat' dir='ltr'><strong>Ge·</strong></span> 
     </span>
     <span class='ocr_line' id='line_1_31' title="bbox 1085 3665 3541 3747; baseline 0 -20"><span class='ocrx_word' id='word_1_276' title='bbox 1085 3667 1311 3729; x_wconf 76' lang='lat' dir='ltr'><strong>tardus</strong></span> <span class='ocrx_word' id='word_1_277' title='bbox 1339 3665 1541 3727; x_wconf 76' lang='lat' dir='ltr'><strong>abbas</strong></span> <span class='ocrx_word' id='word_1_278' title='bbox 1569 3667 1885 3739; x_wconf 77' lang='lat' dir='ltr'><strong>consistit,</strong></span> <span class='ocrx_word' id='word_1_279' title='bbox 1916 3684 2128 3726; x_wconf 81' lang='lat' dir='ltr'><strong>meam</strong></span> <span class='ocrx_word' id='word_1_280' title='bbox 2158 3671 2409 3744; x_wconf 80' lang='lat' dir='ltr'><strong>partem</strong></span> <span class='ocrx_word' id='word_1_281' title='bbox 2438 3665 2519 3726; x_wconf 91' lang='lat' dir='ltr'><strong>de</strong></span> <span class='ocrx_word' id='word_1_282' title='bbox 2549 3667 2734 3727; x_wconf 87' lang='lat' dir='ltr'><strong>terris</strong></span> <span class='ocrx_word' id='word_1_283' title='bbox 2763 3667 2831 3727; x_wconf 91' lang='lat' dir='ltr'><strong>in</strong></span> <span class='ocrx_word' id='word_1_284' title='bbox 2864 3666 2971 3727; x_wconf 85' lang='lat' dir='ltr'><strong>illo</strong></span> <span class='ocrx_word' id='word_1_285' title='bbox 3011 3673 3322 3746; x_wconf 82' lang='lat' dir='ltr'><strong>pantan0‚</strong></span> <span class='ocrx_word' id='word_1_286' title='bbox 3366 3667 3541 3747; x_wconf 88' lang='lat' dir='ltr'><strong>quod</strong></span> 
     </span>
     <span class='ocr_line' id='line_1_32' title="bbox 1083 3762 3541 3844; baseline 0 -18"><span class='ocrx_word' id='word_1_287' title='bbox 1083 3765 1264 3827; x_wconf 78' lang='lat' dir='ltr'><strong>diota</strong></span> <span class='ocrx_word' id='word_1_288' title='bbox 1302 3764 1450 3825; x_wconf 84' lang='lat' dir='ltr'><strong>eool.</strong></span> <span class='ocrx_word' id='word_1_289' title='bbox 1497 3764 1849 3842; x_wconf 76' lang='lat' dir='ltr'><strong>adquisivit</strong></span> <span class='ocrx_word' id='word_1_290' title='bbox 1893 3762 1977 3825; x_wconf 75' lang='lat' dir='ltr'><strong>ab</strong></span> <span class='ocrx_word' id='word_1_291' title='bbox 2020 3763 2330 3844; x_wconf 84' lang='lat' dir='ltr'><strong>Ugioione</strong></span> <span class='ocrx_word' id='word_1_292' title='bbox 2355 3765 2404 3839; x_wconf 85' lang='lat'><strong>⁸)</strong></span> <span class='ocrx_word' id='word_1_293' title='bbox 2446 3765 2683 3824; x_wconf 81' lang='lat' dir='ltr'><strong>comite</strong></span> <span class='ocrx_word' id='word_1_294' title='bbox 2723 3769 2793 3825; x_wconf 85' lang='lat' dir='ltr'><strong>et</strong></span> <span class='ocrx_word' id='word_1_295' title='bbox 2833 3763 2992 3825; x_wconf 79' lang='lat' dir='ltr'><strong>cilia</strong></span> <span class='ocrx_word' id='word_1_296' title='bbox 3032 3784 3232 3827; x_wconf 83' lang='lat' dir='ltr'><strong>uxore</strong></span> <span class='ocrx_word' id='word_1_297' title='bbox 3265 3771 3333 3825; x_wconf 87' lang='lat' dir='ltr'><strong>et</strong></span> <span class='ocrx_word' id='word_1_298' title='bbox 3359 3765 3541 3838; x_wconf 87' lang='lat' dir='ltr'><strong>filiis;</strong></span> 
     </span>
     <span class='ocr_line' id='line_1_33' title="bbox 1084 3858 3538 3941; baseline -0 -19"><span class='ocrx_word' id='word_1_299' title='bbox 1084 3881 1229 3941; x_wconf 89' lang='lat' dir='ltr'><strong>pen.</strong></span> <span class='ocrx_word' id='word_1_300' title='bbox 1274 3861 1455 3940; x_wconf 90' lang='lat' dir='ltr'><strong>dupli</strong></span> <span class='ocrx_word' id='word_1_301' title='bbox 1494 3867 1561 3921; x_wconf 90' lang='lat' dir='ltr'><strong>et</strong></span> <span class='ocrx_word' id='word_1_302' title='bbox 1602 3862 1862 3939; x_wconf 87' lang='lat' dir='ltr'><strong>insuper</strong></span> <span class='ocrx_word' id='word_1_303' title='bbox 1903 3879 2035 3939; x_wconf 82' lang='lat' dir='ltr'><strong>arg.</strong></span> <span class='ocrx_word' id='word_1_304' title='bbox 2079 3859 2186 3921; x_wconf 87' lang='lat' dir='ltr'><strong>lib.</strong></span> <span class='ocrx_word' id='word_1_305' title='bbox 2233 3858 2305 3918; x_wconf 93' lang='lat' dir='ltr'><strong>L.</strong></span> <span class='ocrx_word' id='word_1_306' title='bbox 2411 3860 2606 3921; x_wconf 80' lang='lat' dir='ltr'><strong>Haot.</strong></span> <span class='ocrx_word' id='word_1_307' title='bbox 2664 3859 2936 3923; x_wconf 72' lang='lat' dir='ltr'><strong>Fabi-ica</strong></span> <span class='ocrx_word' id='word_1_308' title='bbox 2989 3861 3159 3923; x_wconf 76' lang='lat' dir='ltr'><strong>infra</strong></span> <span class='ocrx_word' id='word_1_309' title='bbox 3195 3860 3446 3940; x_wconf 86' lang='lat' dir='ltr'><strong>plebem</strong></span> <span class='ocrx_word' id='word_1_310' title='bbox 3489 3882 3538 3923; x_wconf 91' lang='lat' dir='ltr'><strong>s.</strong></span> 
     </span>
     <span class='ocr_line' id='line_1_34' title="bbox 1081 3956 3542 4038; baseline -0.001 -17"><span class='ocrx_word' id='word_1_311' title='bbox 1081 3960 1300 4021; x_wconf 76' lang='lat' dir='ltr'><strong>Merie.</strong></span> <span class='ocrx_word' id='word_1_312' title='bbox 1383 3958 1447 4020; x_wconf 90' lang='lat' dir='ltr'><strong>S.</strong></span> <span class='ocrx_word' id='word_1_313' title='bbox 1493 3978 1579 4019; x_wconf 90' lang='lat' dir='ltr'><strong>m.</strong></span> <span class='ocrx_word' id='word_1_314' title='bbox 1626 3958 1974 4038; x_wconf 74' lang='lat' dir='ltr'><strong>Reginerii.</strong></span> <span class='ocrx_word' id='word_1_315' title='bbox 2016 3957 2339 4018; x_wconf 85' lang='lat' dir='ltr'><strong>Albertini</strong></span> <span class='ocrx_word' id='word_1_316' title='bbox 2379 3957 2425 4018; x_wconf 90' lang='grc' dir='ltr'><strong>Ξ.</strong></span> <span class='ocrx_word' id='word_1_317' title='bbox 2469 3956 2580 4038; x_wconf 92' lang='lat' dir='ltr'><strong>qd.</strong></span> <span class='ocrx_word' id='word_1_318' title='bbox 2625 3956 3028 4020; x_wconf 83' lang='lat' dir='ltr'><strong>Eldibrandi.</strong></span> <span class='ocrx_word' id='word_1_319' title='bbox 3073 3957 3315 4020; x_wconf 82' lang='lat' dir='ltr'><strong>Goffuli</strong></span> <span class='ocrx_word' id='word_1_320' title='bbox 3354 3957 3401 4019; x_wconf 81' lang='lat' dir='ltr'><strong>f.</strong></span> <span class='ocrx_word' id='word_1_321' title='bbox 3432 3959 3542 4038; x_wconf 90' lang='lat' dir='ltr'><strong>qd.</strong></span> 
     </span>
     <span class='ocr_line' id='line_1_35' title="bbox 1081 4054 3542 4136; baseline -0 -18"><span class='ocrx_word' id='word_1_322' title='bbox 1081 4056 1414 4119; x_wconf 78' lang='lat' dir='ltr'><strong>Gnidonis.</strong></span> <span class='ocrx_word' id='word_1_323' title='bbox 1458 4056 1761 4118; x_wconf 85' lang='lat' dir='ltr'><strong>Prunetti</strong></span> <span class='ocrx_word' id='word_1_324' title='bbox 1800 4054 1849 4115; x_wconf 79' lang='lat' dir='ltr'><strong>f.</strong></span> <span class='ocrx_word' id='word_1_325' title='bbox 1895 4055 2006 4135; x_wconf 92' lang='lat' dir='ltr'><strong>qd.</strong></span> <span class='ocrx_word' id='word_1_326' title='bbox 2051 4055 2384 4117; x_wconf 80' lang='lat' dir='ltr'><strong>Seretiani.</strong></span> <span class='ocrx_word' id='word_1_327' title='bbox 2443 4056 2468 4135; x_wconf 96' lang='lat'><strong>[</strong></span> <span class='ocrx_word' id='word_1_328' title='bbox 2477 4102 2634 4116; x_wconf 93' lang='lat'><strong>.....</strong></span> <span class='ocrx_word' id='word_1_329' title='bbox 2641 4057 2778 4136; x_wconf 80' lang='lat' dir='ltr'><strong>]ani</strong></span> <span class='ocrx_word' id='word_1_330' title='bbox 2830 4055 2876 4116; x_wconf 89' lang='grc' dir='ltr'><strong>Ξ.</strong></span> <span class='ocrx_word' id='word_1_331' title='bbox 2938 4055 3406 4136; x_wconf 70' lang='lat' dir='ltr'><strong>Regimundini</strong></span> <span class='ocrx_word' id='word_1_332' title='bbox 3459 4064 3542 4120; x_wconf 84' lang='lat' dir='ltr'><strong>tt.</strong></span> 
     </span>
     <span class='ocr_line' id='line_1_36' title="bbox 1084 4146 2123 4235; baseline -0.008 -16"><span class='ocrx_word' id='word_1_333' title='bbox 1084 4155 1296 4219; x_wconf 86' lang='lat' dir='ltr'><strong>Guido</strong></span> <span class='ocrx_word' id='word_1_334' title='bbox 1336 4162 1472 4217; x_wconf 89' lang='lat' dir='ltr'><strong>not.</strong></span> <span class='ocrx_word' id='word_1_335' title='bbox 1517 4176 1567 4217; x_wconf 93' lang='lat' dir='ltr'><strong>s.</strong></span> <span class='ocrx_word' id='word_1_336' title='bbox 1610 4154 1737 4235; x_wconf 74' lang='lat' dir='ltr'><strong>pal.</strong></span> <span class='ocrx_word' id='word_1_337' title='bbox 2118 4146 2123 4151; x_wconf 78' lang='grc'><strong>’</strong></span> 
     </span>
    </p>
   </div>
   <div class='ocr_carea' id='block_1_8' title="bbox 1415 4286 2695 4366">
    <p class='ocr_par' dir='ltr' id='par_1_9' title="bbox 1415 4286 2695 4366">
     <span class='ocr_line' id='line_1_37' title="bbox 1415 4286 2695 4366; baseline -0.002 -15"><span class='ocrx_word' id='word_1_338' title='bbox 1415 4288 1574 4351; x_wconf 83' lang='lat' dir='ltr'><strong>Volt.</strong></span> <span class='ocrx_word' id='word_1_339' title='bbox 1611 4288 1850 4351; x_wconf 74' lang='lat' dir='ltr'><strong>AVesc.</strong></span> <span class='ocrx_word' id='word_1_340' title='bbox 1882 4310 1934 4351; x_wconf 81' lang='lat' dir='ltr'><strong>s.</strong></span> <span class='ocrx_word' id='word_1_341' title='bbox 1957 4288 2109 4350; x_wconf 89' lang='lat' dir='ltr'><strong>XII</strong></span> <span class='ocrx_word' id='word_1_342' title='bbox 2134 4289 2259 4350; x_wconf 82' lang='lat' dir='ltr'><strong>dec.</strong></span> <span class='ocrx_word' id='word_1_343' title='bbox 2291 4288 2333 4350; x_wconf 87' lang='lat'><strong><em>2</em></strong></span> <span class='ocrx_word' id='word_1_344' title='bbox 2357 4309 2422 4349; x_wconf 82' lang='grc' dir='ltr'><strong>π.</strong></span> <span class='ocrx_word' id='word_1_345' title='bbox 2455 4289 2495 4350; x_wconf 89' lang='grc'><strong><em>6</em></strong></span> <span class='ocrx_word' id='word_1_346' title='bbox 2521 4286 2695 4366; x_wconf 72' lang='grc' dir='ltr'><strong>Ονίρ.</strong></span> 
     </span>
    </p>
   </div>
   <div class='ocr_carea' id='block_1_9' title="bbox 1089 4576 3546 4819">
    <p class='ocr_par' dir='ltr' id='par_1_10' title="bbox 1089 4576 3546 4819">
     <span class='ocr_line' id='line_1_38' title="bbox 1235 4576 3544 4647; baseline 0.003 -19"><span class='ocrx_word' id='word_1_347' title='bbox 1235 4576 1276 4643; x_wconf 90' lang='lat'><strong>¹)</strong></span> <span class='ocrx_word' id='word_1_348' title='bbox 1314 4578 1425 4628; x_wconf 75' lang='lat' dir='ltr'><strong>Der</strong></span> <span class='ocrx_word' id='word_1_349' title='bbox 1461 4577 1604 4628; x_wconf 66' lang='lat' dir='ltr'><strong>lente</strong></span> <span class='ocrx_word' id='word_1_350' title='bbox 1643 4579 1994 4640; x_wconf 75' lang='grc' dir='ltr'><strong><em>Κσάοὶίπρεν,</em></strong></span> <span class='ocrx_word' id='word_1_351' title='bbox 2030 4594 2075 4631; x_wconf 74' lang='grc' dir='ltr'><strong>ε.</strong></span> <span class='ocrx_word' id='word_1_352' title='bbox 2096 4580 2409 4631; x_wconf 72' lang='lat' dir='ltr'><strong>Davidoohn</strong></span> <span class='ocrx_word' id='word_1_353' title='bbox 2446 4580 2744 4632; x_wconf 70' lang='lat' dir='ltr'><strong>Goeehichte</strong></span> <span class='ocrx_word' id='word_1_354' title='bbox 2771 4583 2805 4631; x_wconf 95' lang='grc' dir='ltr'><strong><em>Ι</em></strong></span> <span class='ocrx_word' id='word_1_355' title='bbox 2831 4583 2932 4633; x_wconf 84' lang='grc'><strong><em>371</em></strong></span> <span class='ocrx_word' id='word_1_356' title='bbox 2961 4583 3079 4633; x_wconf 72' lang='lat' dir='ltr'><strong>und</strong></span> <span class='ocrx_word' id='word_1_357' title='bbox 3102 4581 3482 4647; x_wconf 69' lang='lat' dir='ltr'><strong>Forsohtmqm</strong></span> <span class='ocrx_word' id='word_1_358' title='bbox 3508 4583 3544 4634; x_wconf 90' lang='grc' dir='ltr'><strong><em>Ι</em></strong></span> 
     </span>
     <span class='ocr_line' id='line_1_39' title="bbox 1089 4666 3546 4734; baseline 0.003 -18"><span class='ocrx_word' id='word_1_359' title='bbox 1089 4666 1174 4716; x_wconf 75' lang='grc'><strong>84.</strong></span> <span class='ocrx_word' id='word_1_360' title='bbox 1215 4667 1301 4725; x_wconf 84' lang='lat'><strong>89,</strong></span> <span class='ocrx_word' id='word_1_361' title='bbox 1337 4682 1416 4717; x_wconf 76' lang='lat' dir='ltr'><strong>wo</strong></span> <span class='ocrx_word' id='word_1_362' title='bbox 1450 4667 1645 4717; x_wconf 69' lang='grc' dir='ltr'><strong><em>σπάσα</em></strong></span> <span class='ocrx_word' id='word_1_363' title='bbox 1689 4666 1987 4718; x_wconf 61' lang='lat' dir='ltr'><strong>Urbanam</strong></span> <span class='ocrx_word' id='word_1_364' title='bbox 2024 4668 2115 4718; x_wconf 77' lang='lat' dir='ltr'><strong>der</strong></span> <span class='ocrx_word' id='word_1_365' title='bbox 2153 4670 2254 4717; x_wconf 70' lang='lat' dir='ltr'><strong>Are</strong></span> <span class='ocrx_word' id='word_1_366' title='bbox 2287 4669 2604 4721; x_wconf 59' lang='grc' dir='ltr'><strong>νοηιίολπα</strong></span> <span class='ocrx_word' id='word_1_367' title='bbox 2636 4670 2781 4720; x_wconf 71' lang='lat' dir='ltr'><strong>sind.</strong></span> <span class='ocrx_word' id='word_1_368' title='bbox 2964 4671 3008 4734; x_wconf 78' lang='lat'><strong>¹)</strong></span> <span class='ocrx_word' id='word_1_369' title='bbox 3044 4669 3169 4721; x_wconf 64' lang='lat' dir='ltr'><strong>Aac</strong></span> <span class='ocrx_word' id='word_1_370' title='bbox 3201 4672 3321 4722; x_wconf 66' lang='lat' dir='ltr'><strong>dem</strong></span> <span class='ocrx_word' id='word_1_371' title='bbox 3355 4671 3546 4725; x_wconf 70' lang='lat' dir='ltr'><strong><em>Hauc·</em></strong></span> 
     </span>
     <span class='ocr_line' id='line_1_40' title="bbox 1090 4754 2492 4819; baseline 0.001 -15"><span class='ocrx_word' id='word_1_372' title='bbox 1090 4754 1459 4815; x_wconf 69' lang='lat' dir='ltr'><strong>aher-ardema,</strong></span> <span class='ocrx_word' id='word_1_373' title='bbox 1493 4769 1540 4803; x_wconf 73' lang='grc' dir='ltr'><strong>ε.</strong></span> <span class='ocrx_word' id='word_1_374' title='bbox 1577 4770 1631 4805; x_wconf 80' lang='grc' dir='ltr'><strong>π.</strong></span> <span class='ocrx_word' id='word_1_375' title='bbox 1676 4758 1788 4808; x_wconf 75' lang='grc'><strong><em>145.</em></strong></span> <span class='ocrx_word' id='word_1_376' title='bbox 1937 4756 1981 4819; x_wconf 83' lang='lat'><strong>⁸)</strong></span> <span class='ocrx_word' id='word_1_377' title='bbox 2018 4757 2076 4807; x_wconf 78' lang='lat'><strong>8.</strong></span> <span class='ocrx_word' id='word_1_378' title='bbox 2115 4772 2167 4806; x_wconf 86' lang='grc' dir='ltr'><strong>π.</strong></span> <span class='ocrx_word' id='word_1_379' title='bbox 2211 4759 2330 4808; x_wconf 68' lang='grc'><strong><em>143.</em></strong></span> <span class='ocrx_word' id='word_1_380' title='bbox 2372 4759 2492 4809; x_wconf 71' lang='grc'><strong><em>144.</em></strong></span> 
     </span>
    </p>
   </div>
  </div>
 </body>
</html>
