4000 5700
1090 490 1535 546 REGESTUM
1573 493 1679 546 VO
1688 492 2256 549 LATERRANUM
2807 495 2909 549 185

1024 587 1181 593 --——-
1374 586 2010 594 ———.--—-—-—---——-——

447 687 585 748 531.
2042 686 2333 757 Volterra,
2377 688 2455 750 21
2498 687 2685 750 Marz
2725 688 2904 751 1236.

566 784 1016 858 MOCXXXV,
1062 786 1194 846 ind.
1241 784 1461 859 VIIII,
1506 784 1645 845 XII
1685 785 1812 846 kal.
1857 804 1995 864 apr.
2080 786 2346 848 Guittus
2373 788 2567 848 iudex
2597 786 2774 848 Vult
2805 807 2906 847 co·

448 884 660 945 munis
699 902 915 945 coram
956 882 1325 944 Alexandro
1366 882 1743 963 cappellano
1784 902 1953 963 pape
1992 884 2328 962 respondit
2381 885 2518 945 eius
2573 883 2904 955 mandato,

448 983 622 1060 quod
663 1001 935 1044 comune
973 980 1239 1042 deberet
1277 1000 1415 1042 esse
1456 981 1539 1041 ad
1581 987 1958 1061 preceptum
1999 1001 2189 1042 suum
2247 989 2313 1043 et
2368 982 2624 1044 ecclesie
2675 982 2906 1059 (Vult.)

447 1078 527 1138 de
570 1078 887 1141 discordia
929 1097 1078 1140 cum
1122 1079 1265 1155 (Pa
1279 1082 1527 1158 gano)
1569 1098 1692 1158 ep.,
1737 1079 1912 1157 quod
1942 1079 2153 1158 parati
2185 1088 2371 1142 erant
2401 1078 2764 1141 Vulterrani
2792 1099 2909 1157 pro

447 1176 1111 1240 excommunicatione
1137 1174 1312 1237 facta
1341 1178 1432 1237 eis
1459 1195 1572 1255 per
1599 1194 1700 1256 ep.
1733 1176 1940 1237 iurare
1968 1175 2169 1255 ipsius
2196 1183 2498 1257 precepta
2527 1183 2594 1238 et
2621 1177 2906 1256 dampna

451 1298 489 1336 a
528 1296 595 1337 se
637 1276 936 1355 episcopo
975 1273 1162 1335 illata
1199 1275 1285 1336 ad
1325 1294 1424 1352 ep.
1471 1271 1573 1336 vel
1614 1273 1878 1336 alterius
1918 1273 2073 1336 boni
2105 1276 2223 1335 viri
2253 1280 2626 1355 preceptum
2654 1274 2906 1336 satisfa-

448 1394 607 1436 cere.
690 1374 835 1435 Act.
881 1373 1057 1435 Vult.
1102 1374 1170 1434 in
1209 1374 1518 1435 canonica
1557 1392 1609 1434 s.
1654 1374 1871 1434 Maris.
1957 1368 2351 1436 Bontalenfio
2392 1378 2527 1435 not.
2567 1374 2910 1435 Vincentio

448 1472 555 1550 qd.
604 1470 1046 1533 Ildibrandini.
1092 1470 1294 1532 Paulo
1338 1469 1530 1532 abate
1571 1490 1622 1530 s.
1667 1469 1961 1551 Galgani.
2011 1472 2341 1532 Falcuccio
2386 1471 2492 1552 qd.
2538 1471 2655 1551 [...
2681 1472 2725 1552 .]
2753 1475 2795 1548 ’)
2827 1477 2908 1532 tt.

447 1572 775 1650 Galganus
814 1588 867 1630 s.
909 1569 1063 1648 imp.
1107 1574 1244 1630 not.

769 1666 1028 1728 Florem
1072 1666 1224 1728 Ast.
1259 1666 1451 1743 (Vozt.
1495 1665 1658 1728 1235
1699 1666 1820 1727 III
1861 1668 1959 1737 21,
2006 1688 2069 1727 n.
2114 1668 2260 1746 370)
2304 1668 2477 1745 Orio.

454 1821 591 1879 532.
2053 1819 2343 1889 Voltertnja
2387 1819 2470 1879 21
2509 1819 2696 1881 Mdv-z
2733 1819 2908 1880 1236.

574 1916 1024 1989 MCCXXXV,
1068 1916 1200 1977 ind.
1231 1916 1457 1990 VIIII,
1489 1916 1625 1977 XII
1655 1916 1781 1977 kal.
1816 1937 1948 1996 apr.
2041 1915 2518 1978 Maezavitellus
2555 1917 2712 1978 civis
2741 1917 2908 1978 Flor.

451 2018 560 2095 qd.
606 2016 631 2096 [
648 2061 873 2076 .......
893 2016 919 2096 ]
945 2015 991 2092 ²)
1036 2020 1415 2093 procurator
1470 2013 1646 2077 Vult.
1693 2016 1982 2076 comunis
2025 2036 2063 2074 a
2107 2014 2291 2077 vobis
2334 2012 2700 2077 Alexandro
2741 2035 2910 2094 pape

451 2114 847 2194 cappellano,
893 2113 1006 2192 qui
1047 2112 1261 2173 dicitis
1304 2132 1419 2173 vos
1459 2133 1628 2193 pape
1670 2114 1944 2174 iudicem
1989 2113 2356 2192 delegatum
2399 2114 2567 2174 inter
2628 2113 2909 2193 (Paga-

456 2233 551 2275 nu
571 2218 674 2289 m)
717 2232 817 2291 ep.
848 2216 915 2273 et
944 2230 1215 2274 comune
1256 2211 1456 2282 Vult.,
1489 2213 1741 2289 copiam
1770 2213 2225 2291 rescriptorum
2254 2210 2673 2291 delegationis
2703 2217 2913 2272 vestre

454 2317 625 2390 pet0.
673 2311 969 2390 Propono
1010 2329 1280 2371 comune
1322 2315 1625 2371 vocatum
1669 2310 1804 2370 fore
1844 2309 1930 2370 ad
1979 2310 2285 2370 iudicium
2346 2308 2427 2369 ab
2471 2329 2571 2389 ep.
2618 2310 2685 2369 in
2739 2310 2912 2369 curia

454 2430 617 2489 pape
675 2418 741 2470 et
797 2410 1029 2469 datum
1083 2408 1217 2468 fore
1276 2407 1633 2470 auditorem
1692 2406 2032 2468 Oddonem
2057 2410 2102 2484 ⁸)
2149 2406 2347 2481 card„
2391 2425 2589 2485 quare
2643 2426 2914 2469 comune

456 2527 669 2569 coram
714 2505 897 2568 vobis
941 2505 1186 2584 litigare
1232 2524 1362 2567 non
1403 2506 1614 2567 debet.
1664 2506 1992 2565 Protestor
2035 2524 2305 2566 comune
2347 2523 2561 2566 coram
2600 2505 2771 2566 card.
2806 2524 2912 2583 pa-

458 2612 668 2667 ratum
711 2603 848 2665 fore
887 2624 987 2683 ep.
1034 2604 1436 2682 respondere.
1484 2602 1644 2664 Dico
1684 2603 1764 2664 de
1807 2604 2115 2682 rescripto
2159 2604 2341 2665 vobis
2384 2623 2497 2682 pro
2541 2604 2615 2664 iis
2658 2623 2697 2662 a
2739 2603 2910 2664 curia
3029 2594 3034 2599 ’

460 2724 621 2783 pape
662 2703 906 2764 directo
948 2700 1221 2779 litigium
1264 2700 1399 2761 fore
1441 2720 1655 2762 coram
1684 2701 1857 2762 card.
1888 2720 2165 2780 eumque
2208 2702 2565 2774 mandasse,
2605 2701 2780 2780 quod
2822 2716 2913 2761 re·

456 2802 765 2882 scriptum
794 2807 1145 2863 revocetur.
1181 2800 1476 2880 Propono
1506 2820 1620 2862 vos
1650 2799 1814 2862 male
1842 2802 2219 2882 processisse
2248 2801 2519 2881 ideoque
2544 2805 2915 2879 suspectum

459 2919 727 2960 comune
768 2897 1023 2959 habere.
1065 2895 1233 2970 Quia
1274 2897 1449 2958 dicta
1478 2918 1608 2959 non
1638 2897 2006 2972 admittitis,
2039 2898 2120 2958 ad
2150 2919 2388 2978 papam
2419 2898 2689 2978 appello.
2770 2897 2913 2958 Act.

459 2999 634 3059 Vult.
679 2998 744 3057 in
786 2997 1093 3059 canonica
1122 3016 1170 3055 S.
1204 2996 1417 3057 Marie.
1503 2995 1830 3057 Ubaldino
1856 3000 1994 3058 not.
2029 2997 2421 3058 Bontalento
2451 3001 2585 3057 not.
2616 2995 2726 3075 qd.
2759 2995 2913 3056 Leo·

458 3097 659 3158 nardi.
708 3096 949 3157 Bianco
990 3095 1094 3173 qd.
1142 3095 1447 3155 Arzocchi
1491 3101 1570 3155 tt.
1658 3095 1983 3173 Galganus
2026 3117 2074 3154 S.
2120 3096 2275 3174 imp.
2322 3101 2457 3156 not.

778 3193 1037 3253 Florenz
1079 3192 1231 3252 Ast.
1281 3191 1474 3268 <Volt.
1506 3192 1668 3252 1235
1700 3192 1815 3252 III
1844 3192 1941 3261 21,
1976 3213 2037 3252 η.
2071 3192 2216 3270 368)
2247 3193 2420 3269 Oriq.

461 3338 598 3397 533.
2081 3334 2376 3404 Volterrm
2419 3336 2460 3396 3
2503 3335 2694 3413 April
2736 3335 2913 3396 1236.

580 3433 1067 3506 MCCXXXVI,
1114 3434 1245 3495 ind.
1291 3431 1510 3505 VIlII,
1556 3432 1662 3492 III
1704 3453 1854 3495 non.
1885 3452 2022 3511 apr.
2108 3433 2379 3494 (uictus
2406 3434 2599 3494 iudex
2629 3434 2919 3495 comunis

462 3553 676 3594 coram
717 3532 1083 3595 Alexandro
1125 3531 1504 3612 cappellano
1544 3552 1710 3612 pape
1751 3552 1868 3612 pro
1909 3532 2169 3593 comuni
2210 3532 2387 3594 Vult.
2424 3532 2757 3611 respondit
2783 3533 2919 3593 eius

461 3632 668 3704 dictis,
714 3632 889 3710 quod
930 3649 1200 3691 comune
1242 3628 1502 3691 deberet
1537 3648 1673 3690 esse
1705 3631 1785 3691 ad
1814 3634 2190 3708 preceptum
2218 3650 2406 3691 suum
2437 3636 2504 3689 et
2531 3629 2811 3691 Ecclesie
2841 3629 2919 3689 de

461 3729 780 3790 discordia
819 3747 966 3788 cum
1013 3726 1158 3802 (Pa
1172 3730 1416 3807 gano)
1459 3746 1559 3806 ep.
1604 3723 1804 3798 Vult„
1849 3731 2114 3805 paratos
2148 3745 2284 3787 esse
2325 3724 2759 3796 Vulterranos,
2804 3745 2919 3804 pro

461 3826 1123 3888 excommunicatione
1164 3825 1246 3886 de
1286 3825 1377 3886 eis
1416 3824 1596 3886 facta
1635 3845 1749 3904 per
1794 3844 1918 3903 ep.,
1961 3825 2100 3886 eius
2145 3831 2213 3887 et
2252 3823 2424 3886 Eccl.
2469 3825 2552 3887 ad
2600 3824 2919 3885 cautelam

461 3927 671 3986 iurare
710 3929 1014 4004 precepta
1053 3929 1121 3984 et
1177 3924 1458 4002 dampna
1515 3923 1600 3983 ad
1654 3943 1754 4001 ep.
1802 3922 1900 3984 vel
1955 3922 2219 3984 alterius
2276 3922 2424 3983 boni
2482 3929 2553 3982 et
2603 3923 2759 3984 iusti
2801 3923 2917 3982 viri

466 4024 847 4084 mandatum
890 4020 1274 4085 satisfacere.
1360 4021 1504 4081 Act.
1539 4020 1712 4082 Vult.
1745 4023 1811 4082 in
1840 4021 2035 4082 domo
2074 4022 2226 4083 eccl.
2271 4021 2527 4082 maioris
2563 4022 2627 4082 in
2669 4039 2921 4081 camera

466 4119 859 4198 (Lanfranci)
885 4118 1223 4181 archidiac.
1249 4119 1425 4181 Vult.
1509 4119 1893 4199 Bonaguida
1914 4119 2147 4200 Parigi.
2167 4117 2452 4181 Belforte
2465 4118 2919 4180 Bonafidanze.

465 4218 707 4296 Sigerio
750 4217 1097 4278 Genovesis
1136 4221 1204 4277 et
1248 4216 1501 4292 (Paulo)
1546 4216 1693 4278 abb.
1731 4235 1783 4277 s.
1815 4216 2088 4297 Galgani
2118 4223 2196 4277 tt.
2285 4218 2703 4277 Benvenutus
2731 4215 2918 4276 Fred.

466 4316 620 4394 imp.
664 4322 801 4375 not.

786 4412 1045 4474 Florem·
1086 4412 1237 4474 Ast.
1284 4412 1470 4488 (Vols.
1516 4434 1559 4473 n
1624 4413 1769 4490 394)
1812 4415 1981 4490 Oriq.

616 4633 654 4693 ⁸)
692 4631 877 4680 Lsercr
914 4631 1108 4680 Reum.
1259 4635 1300 4695 ²)
1340 4634 1524 4683 Locrer
1561 4633 1755 4684 naum.
1904 4633 1948 4694 ξι)
1989 4634 2260 4682 ottonem
2285 4631 2606 4683 Candidum
2629 4647 2672 4683 s.
2703 4630 2922 4681 Nicolai

468 4720 525 4770 in
552 4723 784 4771 Camere
807 4719 1065 4770 Tulliano
1090 4719 1231 4773 diac.
1271 4722 1441 4782 card„
1486 4725 1807 4782 1:227-1214,
1844 4723 1995 4772 daun
2031 4722 2176 4773 card.
2219 4738 2305 4788 ep.
2341 4723 2491 4772 Part.
