4000 5700
1074 510 1520 566 REGESTUM
1555 510 2245 567 VOLATERRANUM
2782 514 2892 567 259

429 709 664 787 regine,
708 706 1068 780 heredibus,
1114 708 1408 770 Romane
1436 706 1717 769 Ecclesie
1746 715 1815 770 et
1841 728 2055 788 regem
2083 717 2471 790 gentemque
2499 729 2681 770 suam
2710 710 2888 770 adiu-

431 804 683 866 vabunt
724 810 950 866 contra
994 804 1451 867 Conradinum.
1483 805 1683 867 Versa
1724 807 1864 867 vice
1903 805 2189 867 Ubertus
2232 808 2526 886 promisit
2565 826 2633 868 se
2661 808 2755 867 ita
2795 807 2887 867 fa-

429 910 706 975 cturum,
751 902 927 981 quod
968 922 1080 964 rex
1124 908 1435 975 castrum,
1479 903 1786 977 homines,
1830 905 1976 966 iura
2014 923 2231 965 eorum
2263 903 2560 966 salvabit.
2593 904 2890 967 Potestas

426 1001 685 1069 futurus
724 999 925 1060 faciat
967 999 1303 1061 fidelitatis
1342 1000 1776 1061 iuramentum
1817 1006 1887 1062 et
1941 1002 2148 1079 possit
2202 1002 2399 1062 eicere
2453 1007 2780 1080 suspectos
2823 1008 2890 1061 et

425 1099 725 1159 reducere
766 1098 1167 1158 extrinsecos
1198 1099 1264 1173 ¹).
1348 1097 1516 1158 Acta
1557 1099 1625 1160 in
1665 1103 1878 1159 castro
1919 1097 2000 1159 de
2030 1097 2201 1158 Colle
2229 1100 2297 1159 in
2322 1097 2508 1178 plebe
2542 1118 2593 1159 S.
2623 1098 2886 1159 Alberti.

429 1195 608 1257 Cerio
648 1195 855 1256 iudice
897 1195 1050 1255 olim
1095 1194 1370 1256 Gentilis
1412 1194 1492 1255 de
1533 1194 1773 1256 Sancto
1815 1194 2214 1258 GeminianO.
2259 1196 2483 1257 Stoldo
2525 1197 2632 1275 qd.
2668 1196 2888 1258 Lotte-

428 1292 635 1371 ringhi
676 1293 759 1354 de
799 1292 968 1353 Flor.
1014 1292 1342 1354 Panochia
1385 1291 1715 1354 Lanberti.
1768 1291 1952 1355 Gello
2009 1293 2355 1367 Guiciardi,
2400 1294 2539 1355 aliis
2579 1300 2660 1354 tt.
2756 1294 2888 1354 Ru-

425 1396 713 1470 gerottus
759 1390 1058 1469 publicus
1104 1398 1239 1451 not.
1285 1398 1354 1450 et
1394 1396 1549 1451 tunc
1593 1392 1884 1451 comunis
1924 1389 2005 1452 de
2047 1390 2217 1452 Colle
2259 1391 2486 1453 scriba.

747 1489 1005 1549 Florem.
1051 1487 1201 1548 Ast.
1252 1487 1467 1565 (Colle)
1510 1487 1684 1565 Oriq.
1747 1488 1810 1563 (3
1849 1488 2057 1566 Sieqel
2110 1490 2420 1567 verloren).
2543 1489 2888 1568 Verqzeiche

746 1586 1116 1647 David-sollu
1157 1585 1598 1663 Forschunqen
1642 1586 1677 1645 I
1686 1586 1716 1645 I
1760 1585 1884 1647 135
1921 1608 1983 1648 n.
2030 1587 2169 1648 956.

428 1836 562 1899 776.
2069 1835 2333 1910 Viterb0‚
2377 1837 2456 1896 11
2497 1836 2666 1896 Juni
2704 1836 2885 1897 1267.

546 1932 916 1995 Clemens
993 1933 1103 1996 IV
1166 1936 1480 2012 potestati
1540 1940 1608 1994 et
1669 1935 1993 1995 communi
2050 1933 2130 1994 de
2185 1932 2424 1994 Sancto
2486 1932 2883 1994 GeminianO.

427 2030 715 2105 Mandat,
772 2033 1084 2110 quatinus
1131 2030 1521 2108 (Albertum)
1566 2051 1665 2110 ep.
1710 2031 1887 2093 Vult.
1931 2032 2000 2092 in
2044 2032 2288 2105 castris,
2327 2031 2514 2104 villis,
2550 2033 2887 2110 possessio·

426 2130 614 2192 nibus
653 2150 788 2192 non
830 2129 1192 2191 molestent.
1278 2130 1486 2192 «Cum
1530 2131 1819 2191 omnium
1839 2150 1887 2190 ψ.
1973 2128 2127 2190 Dat.
2173 2128 2445 2191 Viterbii
2482 2128 2586 2189 III
2613 2130 2701 2190 id.
2732 2132 2883 2198 iun..

558 2234 606 2286 t..
768 2275 778 2285 .

424 2248 552 2307 pon
651 2226 913 2387 IIIVolt.
963 2326 1205 2388 AVeec.
1242 2346 1291 2386 8.
1324 2326 1513 2386 XIII
1540 2326 1663 2386 dec.
1699 2327 1735 2386 7
1763 2346 1826 2385 n.
1857 2325 1939 2386 38
1966 2325 2143 2402 Oriq.
2195 2325 2411 2401 (Bulla
2449 2327 2764 2403 verim-en).

426 2565 563 2627 777.
2024 2564 2307 2637 Florem,
2351 2564 2433 2626 28
2474 2564 2664 2626 Meirz
2701 2565 2880 2625 1268.

543 2661 1025 2731 MCCLXVIII
1047 2662 1181 2723 ind.
1213 2660 1335 2734 XI,
1367 2668 1656 2741 tempore
1684 2663 2030 2725 Clementis
2059 2662 2170 2725 IV.
2257 2663 2561 2741 Magister
2601 2662 2884 2724 Helias

423 2782 565 2823 can.
609 2760 1038 2831 Belvacensis‚
1084 2780 1253 2838 pape
1295 2762 1708 2841 cappellanus
1748 2767 1815 2821 et
1856 2781 1961 2841 ap.
2007 2761 2174 2823 sedis
2216 2762 2285 2822 in
2326 2761 2558 2823 Tuscia
2596 2762 2882 2833 nuntiu.‚

424 2861 753 2920 universis
781 2860 941 2921 Cum
971 2860 1328 2937 capitulum
1361 2865 1428 2920 et
1456 2859 1693 2920 clerum
1722 2860 2011 2921 civitatis
2038 2867 2106 2920 et
2127 2860 2292 2920 dioc.
2316 2859 2494 2921 Vult.
2517 2861 2730 2941 sepius
2753 2879 2882 2919 mo-

424 2958 751 3018 nuerimus
792 2956 1039 3018 solvere
1082 2955 1130 3017 C
1174 2956 1282 3017 lib.
1328 2957 1407 3017 de
1451 2957 1568 3030 CC,
1613 2976 1775 3037 quas
1817 2958 1983 3018 clero
2013 2958 2297 3017 civitatis
2325 2963 2393 3017 et
2420 2957 2582 3018 dioc.
2614 2956 2739 3017 Pis.
2768 2977 2884 3036 pro

418 3059 655 3117 nostris
696 3057 993 3133 expensis
1037 3055 1376 3116 solvendas
1416 3057 1856 3135 imposuimus,
1901 3075 2017 3116 nec
2060 3055 2400 3127 solverent,
2430 3075 2559 3129 eoa,
2602 3058 2882 3117 maxime

420 3153 754 3215 abbatiam
784 3174 833 3213 s.
867 3153 1034 3213 Iusti
1070 3159 1136 3213 et
1166 3155 1545 3233 magistrum
1575 3154 1601 3233 [
1620 3200 1806 3215 ......
1825 3155 1851 3233 ]
1876 3153 1922 3229 ²)
1952 3161 2267 3213 rectorem
2296 3173 2344 3213 s.
2383 3153 2606 3232 Angeli
2633 3173 2880 3215 excom·

421 3253 891 3314 municavimus
933 3258 1000 3313 et
1045 3252 1341 3312 ecclesias
1383 3252 1667 3313 civitatis
1709 3259 1776 3313 et
1820 3250 1984 3311 dioc.
2030 3252 2375 3313 interdicto
2415 3253 2880 3330 supposuimus.

420 3350 607 3411 Nunc
669 3349 945 3427 plebano
1014 3369 1063 3408 s.
1107 3349 1344 3428 Apiani
1410 3349 1578 3410 Flor.
1642 3348 1805 3409 dioc.
1872 3349 2339 3410 absolutionem
2398 3349 2879 3411 committimus-1.

419 3447 563 3507 Act.
606 3449 674 3507 in
721 3445 1019 3506 domibus
1057 3443 1320 3508 abbatie
1347 3465 1396 3505 S.
1430 3445 1627 3506 Marie
1655 3445 1735 3506 de
1765 3446 2112 3507 Florentia.
2199 3447 2262 3506 X
2290 3446 2417 3507 kal.
2447 3465 2582 3525 apr.
2666 3446 2882 3506 Azone

420 3544 738 3605 monacho
779 3543 1041 3605 abbatie
1086 3551 1153 3604 et
1198 3543 1539 3605 Guillelmo
1588 3545 1668 3603 de
1710 3543 1898 3603 Buxo
1942 3549 2024 3603 tt.
2130 3543 2479 3605 Gaufridus
2526 3543 2737 3604 dictus
2779 3543 2881 3604 Li-

417 3647 606 3719 gat-,or
635 3641 895 3700 clericus
943 3641 1353 3701 Carnotensis
1396 3647 1532 3701 not.

750 3738 910 3798 Volt.
959 3737 1180 3815 ACap.
1227 3759 1287 3798 n.
1333 3739 1450 3799 161
1493 3739 1661 3815 Oriq.

422 3936 561 3997 778.
2033 3933 2297 4004 Viterb0‚
2343 3937 2423 3995 17
2467 3936 2659 4013 April
2700 3934 2877 3996 1268.

542 4032 910 4094 Clemens
955 4031 1060 4093 IV
1106 4031 1385 4109 C(arolo)
1428 4035 1560 4112 regi
1601 4033 1831 4094 Sicilie.
1917 4033 2085 4093 Eum
2126 4036 2193 4095 in
2236 4033 2461 4093 Tuscie
2502 4032 2736 4094 finibus
2764 4035 2877 4093 im-

561 4375 604 4438 ¹)
639 4373 804 4423 Sonat
839 4374 941 4422 mit
980 4354 1102 4423 dem
1142 4375 1358 4436 voriyen
1394 4373 1798 4436 qleichlautend.
1871 4375 2019 4423 Dass
2056 4373 2266 4423 damale
2302 4373 2442 4422 auch
2484 4373 2723 4422 Volterra
2759 4375 2878 4423 dem

417 4465 673 4516 Robertus
709 4464 772 4512 de
823 4462 1040 4512 Laveno
1080 4464 1239 4511 einen
1277 4462 1564 4512 dhnlichen
1589 4463 1964 4512 Fidelitcitseid
1999 4463 2187 4512 leisten
2225 4470 2441 4521 mtwste,
2481 4462 2544 4511 in
2577 4463 2696 4512 dem
2731 4464 2876 4511 aeine

416 4553 666 4614 kanstiqe
702 4551 1152 4600 staatsrechtliche
1199 4551 1442 4613 Stellzmq
1487 4567 1666 4614 yenau
1706 4551 1928 4614 yereqelt
1983 4567 2112 4608 war,
2150 4551 2269 4612 yeht
2307 4568 2410 4600 aus
2448 4567 2498 4599 n.
2546 4553 2642 4600 787
2679 4552 2874 4601 heo-vor.

418 4643 463 4705 2)
500 4641 610 4689 Der
646 4640 822 4688 Namc
861 4640 930 4688 ist
973 4638 1143 4688 durch
1185 4639 1270 4687 die
1296 4639 1507 4688 damula
1531 4641 1593 4688 in
1629 4641 1720 4688 der
1757 4639 2094 4701 papstlichen
2130 4640 2365 4688 Kanzlei
2415 4640 2656 4690 iiblichen
2690 4640 2878 4689 beiden

414 4727 626 4779 Punkte
663 4727 899 4788 qekt'lrzt.
