4000 5700
1147 499 1171 547 3
1815 496 2256 551 REGESTUM
2295 496 2401 551 VO
2410 498 2977 553 LATERRANUM

1164 691 1301 754 753.
3309 696 3523 771 (1264)
3553 700 3617 773 ¹).

1280 789 1646 854 Memoriale
1688 790 1936 851 factum
1980 792 2146 850 inter
2188 790 2617 853 Albertum
2659 811 2761 871 ep.
2807 791 2986 853 Vult.
3031 798 3100 854 et
3140 812 3413 854 comune
3442 795 3616 856 Vult.

1156 888 1239 949 In
1263 889 1779 967 Ripamarancia,
1811 888 2289 962 Montecerboli,
2320 890 2692 963 Seraczano,
2715 890 2962 961 Leccia,
2988 889 3180 952 Sasso
3204 893 3621 969 imponentur

1158 986 1341 1047 datia
1381 992 1448 1048 et
1490 986 1751 1047 collecte
1793 1005 1906 1065 per
1939 1005 2228 1060 comune;
2262 987 2424 1048 med.
2471 985 2712 1047 habeat
2739 1006 3029 1061 comune,
3061 988 3229 1049 med.
3260 991 3617 1068 episcopus·

1161 1085 1259 1145 De
1300 1084 1549 1145 delictis
1590 1084 1792 1163 possit
1834 1103 2105 1145 comune
2148 1085 2465 1162 inquirere
2507 1084 2606 1145 vel
2651 1086 2908 1162 punire;
2952 1084 3135 1146 salvo
3176 1085 3371 1164 quod,
3415 1088 3467 1146 si
3513 1107 3616 1148 co·

1160 1200 1353 1243 mune
1409 1182 1720 1260 inceperit
1761 1186 2113 1258 antequam
2157 1181 2511 1258 episcopuS,
2554 1180 2657 1241 hie
2699 1200 2767 1241 se
2821 1200 2953 1242 non
3006 1183 3430 1255 intromictat,
3474 1192 3542 1242 et
3582 1203 3619 1243 e

1156 1298 1485 1341 converso.
1571 1280 1669 1340 De
1710 1279 1889 1358 penis
1929 1288 1994 1338 et
2041 1277 2271 1340 bannis
2312 1279 2750 1358 recolligendis
2792 1286 2929 1340 tam
2972 1299 3086 1358 per
3125 1298 3226 1358 ep.
3264 1300 3461 1359 quam
3503 1301 3619 1359 per

1157 1396 1429 1439 comune
1471 1378 1634 1439 med.
1683 1376 1923 1438 hebeat
1963 1396 2084 1455 ep„
2133 1378 2299 1437 med.
2343 1396 2630 1437 comune.
2676 1377 2823 1437 Non
2852 1374 3255 1457 intelligatur
3280 1380 3619 1458 episcopus

1156 1477 1506 1554 prevenire,
1551 1476 1674 1535 nisi
1715 1473 2135 1552 personaliter
2189 1494 2253 1533 se
2311 1474 2727 1535 intromiserit
2768 1473 2873 1535 vel
2910 1494 3183 1553 persona
3222 1474 3463 1537 familie
3502 1497 3617 1538 sue

1155 1573 1516 1652 specialiter
1557 1572 1954 1643 transmissa;
1997 1591 2130 1632 non
2171 1571 2569 1651 intelligatur
2609 1573 2958 1650 prevenire,
3002 1573 3057 1633 si
3098 1580 3306 1635 rector
3348 1574 3449 1635 vel
3480 1575 3614 1636 offi-

1157 1669 1333 1729 ciali&
1354 1667 1620 1730 alicuius
1648 1673 2004 1729 castrorum
2038 1669 2342 1748 inceperit
2370 1669 2707 1749 inquirere.
2740 1668 2807 1729 Si
2832 1689 3106 1749 persona
3127 1671 3415 1732 civitatis
3433 1671 3613 1733 Vult.

1153 1773 1222 1829 et
1263 1766 1617 1840 districtus,
1657 1767 1942 1844 exceptis
1988 1766 2178 1827 dictis
2220 1768 2468 1839 cestrie,
2496 1766 2806 1828 delictum
2834 1770 3248 1842 commiserit,
3279 1772 3616 1850 episcopus

1155 1885 1222 1925 se
1265 1884 1393 1926 non
1434 1865 1855 1925 intromiotat.
1955 1865 2241 1925 Comune
2293 1866 2498 1941 possit
2561 1865 2847 1943 personis
2909 1866 3194 1945 ipsorum
3256 1871 3612 1927 castrorum

1155 1963 1473 2025 iustitiam
1495 1962 1757 2023 reddere
1778 1960 2170 2040 petentibus.
2255 1964 2538 2024 Comune
2567 1963 2861 2041 imponat
2889 1982 3159 2041 granum
3183 1964 3320 2024 sive
3347 1963 3609 2027 bladum

1157 2058 1665 2121 comunitatibus
1706 2065 2065 2120 castrorum
2107 2059 2191 2119 ad
2234 2058 2624 2137 portandum
2656 2059 2830 2122 Vult.
2878 2060 3414 2133 advendendum,
3445 2062 3613 2122 sicut

1154 2158 1452 2237 expedire
1495 2156 1748 2219 viderit.
1834 2156 2120 2231 Comune
2160 2155 2505 2236 compellat
2547 2159 2976 2219 comunitates
3017 2164 3375 2220 castrorum
3403 2158 3611 2220 facere

1155 2255 1430 2327 hostem,
1472 2253 1893 2324 cavalcatam,
1938 2274 2255 2334 guerram,
2300 2275 2545 2332 pacem,
2596 2260 2868 2333 excepto
2923 2260 3151 2315 contra
3204 2257 3608 2334 episcopum:

1154 2353 1583 2414 comunitates
1624 2352 1873 2415 faciant
1910 2351 2161 2414 hostem
2206 2354 2506 2431 episcopo
2533 2359 2805 2431 excepto
2834 2360 3062 2414 contra
3094 2372 3382 2414 comune.
3468 2353 3609 2414 Hoc

1150 2470 1469 2531 expres-210,
1513 2450 1687 2530 quod
1727 2455 1992 2531 propter
2032 2449 2321 2529 predicta
2364 2452 2699 2528 episcopus
2740 2457 2807 2510 et
2849 2469 3120 2511 comune
3162 2470 3292 2511 non
3320 2453 3612 2512 incidant

1153 2551 1221 2611 in
1248 2569 1499 2630 penam.

1471 2650 1730 2709 Florem
1772 2647 1923 2709 Ast.
1972 2648 2157 2723 (Volt.
2202 2649 2360 2723 sorae
2415 2648 2597 2719 1262,
2640 2668 2700 2707 τι.
2747 2647 2890 2725 809)
2940 2647 3109 2724 Oriq.
3164 2648 3606 2724 (untollzoqen,

1469 2746 1923 2824 Sieqello'cher).
2016 2747 2128 2806 Ed.
2175 2747 2406 2808 Cecina
2447 2746 2528 2805 58
2570 2745 2978 2822 Anmerkunq
3020 2747 3078 2806 4.

1155 3040 1291 3101 754.
2299 3040 2519 3102 Casole
2566 3041 2686 3103 Vae
2726 3040 2970 3111 dmm,
3014 3040 3094 3101 24
3137 3040 3388 3116 Auqewt
3424 3041 3605 3102 1264.

1272 3139 1667 3199 Albertus
1709 3139 1883 3200 Vult.
1915 3158 2014 3217 ep.
2048 3140 2388 3200 constituit
2416 3139 2690 3217 priorem
2720 3159 2769 3198 s.
2802 3138 2976 3198 Petri
3005 3139 3071 3197 in
3098 3137 3283 3198 Silice
3317 3137 3399 3198 de
3428 3137 3605 3198 Vult.

1151 3244 1631 3317 procuratorem
1675 3236 1761 3297 ad
1802 3235 2235 3313 recipiendum
2277 3258 2315 3297 a
2358 3238 2612 3296 comuni
2657 3236 2832 3297 Vult.
2878 3235 2986 3297 lib.
3030 3238 3097 3297 M
3150 3236 3297 3296 den.
3356 3235 3605 3305 minut„

1152 3339 1262 3416 qui
1305 3343 1557 3397 restant
1594 3335 1882 3397 solvendi
1925 3334 2006 3395 de
2050 3335 2156 3395 lib.
2204 3335 2332 3394 MD
2374 3334 2538 3406 den„
2583 3354 2746 3413 quos
2774 3336 3027 3396 Bai-one
3052 3333 3429 3407 Talliaferri,
3458 3333 3605 3394 Fre-

1149 3434 1399 3495 dericus
1441 3433 1705 3506 Ruffoli,
1749 3432 1976 3493 Sassus
2018 3432 2343 3501 Ubaldini,
2394 3432 2676 3492 Bifulcus
2718 3431 2968 3492 Alberti
3010 3451 3126 3510 pro
3173 3433 3427 3492 comuni
3485 3430 3605 3492 sol-

1149 3552 1296 3594 vere
1336 3534 1768 3610 promiserunt
1810 3550 1926 3609 pro
1967 3533 2176 3609 pactis
2231 3550 2421 3608 super
2474 3532 2700 3591 eastris
2756 3530 3301 3608 Ripamarrancie,
3359 3530 3605 3590 Monte-

1151 3630 1402 3700 cerboli,
1444 3630 1686 3701 Leccie‚
1730 3627 1923 3700 Sassi,
1968 3630 2302 3690 Seraczani
2343 3637 2409 3689 et
2455 3627 2749 3690 villarum
2804 3628 2886 3688 de
2932 3626 3262 3690 Gabbreto
3288 3629 3354 3706 ²),
3411 3635 3605 3706 prout

1149 3731 1456 3806 scriptum
1498 3735 1601 3789 est
1642 3747 1754 3805 per
1797 3747 2024 3789 manus
2067 3727 2351 3787 Barzetti
2398 3733 2530 3789 not.
2563 3726 2673 3805 qd.
2719 3725 2991 3806 Galgani
3032 3733 3100 3786 et
3130 3725 3300 3787 Doni
3326 3733 3461 3786 not.
3492 3725 3601 3803 qd.

1149 3826 1590 3905 Compagnini.
1663 3827 1821 3886 Act.
1853 3826 2099 3888 Casulis
2141 3827 2201 3885 in
2244 3826 2441 3887 domo
2482 3824 2707 3902 plebis.
2794 3824 3106 3886 Bertuldo
3147 3843 3284 3885 ean.
3329 3824 3508 3886 Vult.
3538 3831 3603 3884 et

1151 3923 1451 3985 Rainerio
1492 3923 1769 4002 plebano
1807 3923 1890 3983 de
1930 3922 2263 3984 Gabbreto
2304 3929 2383 3982 tt.
2468 3921 2924 3996 MCCLXIIIL
2970 3920 3099 3981 ind.
3144 3920 3295 3993 VII,
3326 3920 3602 3982 XXIIII

1146 4023 1379 4100 agusti.
1464 4020 1958 4082 Ildebrandinus
2001 4020 2111 4098 qd.
2156 4021 2422 4081 Gerardi
2465 4026 2600 4080 not.
2981 4056 2991 4062 -

1471 4120 1729 4179 Florenz
1777 4119 1922 4179 Ast.
1969 4119 2163 4194 (Volt.
2208 4139 2269 4178 n.
2317 4119 2459 4191 824)
2506 4119 2674 4195 Θήρ.

1293 4455 1332 4516 ¹)
1372 4454 1529 4502 Liber
1565 4454 1774 4502 iuriam
1817 4455 1843 4501 7
1879 4452 2052 4501 citiert
2079 4453 2197 4499 eine
2225 4451 2393 4512 Copie
2417 4451 2508 4499 des
2533 4451 2885 4513 andqidciqm
2924 4450 3180 4512 Vertraqe
3204 4450 3331 4500 oder
3355 4450 3603 4501 nichaula·

1146 4543 1368 4593 Schieda
1404 4544 1502 4591 mit
1537 4544 1658 4592 dem
1696 4543 1902 4591 Dolum
1941 4543 2079 4592 1264
2118 4556 2221 4590 auo
2265 4539 2399 4590 Vols.
2438 4540 2671 4599 AVao„
2708 4541 2797 4590 die
2832 4541 2985 4590 heuto
3024 4539 3259 4589 ver-lorea
3282 4540 3368 4590 iot.
3442 4539 3601 4590 Siata

1148 4632 1287 4681 auch
1320 4631 1408 4681 die
1446 4631 1687 4693 soluendo
1714 4632 1772 4679 N
1773 4646 1979 4679 ummer
2006 4629 2120 4679 und
2144 4629 2428 4692 myleiche
2457 4645 2482 4678 α
2506 4630 2726 4678 Bistam
2751 4629 2866 4677 und
2895 4628 3317 4688 Geldwirtechast
3336 4642 3359 4675 t
3387 4629 3452 4678 ΙΙ
3482 4631 3598 4678 306.

1147 4723 1191 4782 ²)
1238 4721 1354 4770 Uno
1391 4722 1460 4769 ive
1497 4749 1548 4755 m
1575 4721 1706 4768 oben
1743 4735 1794 4768 n.
1843 4723 1939 4769 753
1966 4748 2029 4756 -—-
2057 4736 2160 4768 nur
2196 4721 2287 4768 ein
2324 4719 2576 4780 Entwurs
2610 4720 2702 4768 des
2729 4719 2950 4768 Schieds
2971 4719 3219 4767 erhalten.
