4000 5700
1098 493 1200 546 192
1734 490 2181 546 REGESTUM
2224 488 2908 545 VOLATERRANUM

1098 692 1234 751 563.
1427 712 1436 723 ·
2434 687 2572 748 San
2614 687 3014 765 θὶηιίρηαπο,
3059 687 3142 748 13
3184 687 3329 748 Μαί
3369 688 3549 749 1237.

1175 789 1513 873 'Potestas
1555 807 1629 847 ac
1671 791 2021 865 utrumque
2065 783 2400 847 consilium
2445 784 2729 849 Sancti
2787 784 3256 846 Geminiani
3300 804 3549 846 conces-

1093 893 1315 948 serunt
1356 887 1624 966 syndico
1665 885 1955 946 comunis
1996 884 2214 947 Vult.
2257 883 2672 944 securitatem
2703 883 3002 945 veniendi
3029 903 3147 961 pro
3181 884 3550 962 recipiendis

1093 987 1470 1047 iuramentis
1516 984 1845 1045 hominum
1891 982 2113 1044 Sancti
2156 982 2534 1043 Geminiani.

1418 1083 1673 1144 Florem
1716 1081 1868 1141 Ast.
1918 1079 2105 1153 (Volt.
2153 1100 2215 1140 n.
2261 1080 2404 1155 439)
2451 1080 2621 1157 Oriq.
2706 1080 2825 1141 Ed.
2870 1080 3133 1142 Samim'
3174 1080 3324 1141 Doc.
3370 1082 3507 1142 447.

1098 1283 1234 1342 564.
2737 1276 3015 1346 Florem,
3060 1277 3140 1338 22
3182 1277 3330 1338 Mai
3370 1276 3549 1339 1237.

1217 1378 1549 1458 Phiiippus
1591 1376 1700 1455 qd.
1745 1373 2061 1437 sinibaldi
2102 1375 2181 1434 de
2225 1373 2285 1435 lo
2328 1373 2577 1436 Seolaio
2619 1375 2777 1436 civis
2820 1374 2986 1435 Flor.
3033 1376 3290 1437 comuni
3331 1375 3548 1437 Vult.

1095 1476 1549 1536 refutationem
1590 1473 1750 1535 facit
1791 1493 1908 1551 pro
1951 1472 2146 1533 feudo
2188 1493 2305 1533 suo
2347 1473 2676 1533 occasione
2721 1473 3070 1550 potestarie
3097 1475 3140 1549 ¹)
3186 1472 3362 1532 Vult.

1415 1573 1671 1633 Florem
1717 1570 1864 1631 Ast.
1913 1570 2101 1647 (Volt.
2161 1591 2224 1631 n.
2269 1572 2408 1631 440.
2454 1571 2600 1647 441)
2643 1571 2788 1631 zwei
2830 1570 3045 1648 Θήρῃ.
3131 1571 3248 1631 Ed.
3293 1571 3552 1631 Sontini

1416 1672 1566 1732 Doc.
1610 1670 1749 1732 448.

1101 1871 1235 1930 565
2721 1863 3017 1937 Volterm,
3060 1864 3144 1925 30
3185 1865 3331 1926 Mai
3371 1865 3548 1926 1237.

1215 1965 1519 2027 Consules
1562 1973 1626 2027 et
1657 1965 1991 2026 consilium
2038 1964 2250 2025 Vult.
2284 1966 2694 2026 constituunt
2721 1969 3200 2042 procuratorem
3228 1963 3294 2023 in
3324 1966 3548 2036 causis,

1092 2084 1255 2144 quas
1296 2064 1540 2126 habent
1581 2083 1729 2123 cum
1772 2082 2045 2123 comune
2088 2061 2379 2124 Sancti
2422 2062 2892 2124 Geminiani
2947 2080 3165 2122 coram
3223 2068 3553 2140 potestate

1095 2163 1260 2223 Flor.

1420 2261 1674 2321 Florenz
1720 2259 1870 2320 Ast.
1917 2258 2107 2333 (Vola.
2153 2280 2216 2319 n.
2264 2259 2406 2322 442)
2450 2258 2621 2335 Oriy.
2711 2259 2826 2319 Ed.
2872 2258 3134 2319 Sontini
3174 2260 3323 2319 Doc.
3369 2259 3506 2319 451.

1096 2460 1235 2518 566.
2580 2454 2715 2515 San
2759 2455 3059 2531 Galqmw,
3103 2455 3140 2515 1
3182 2456 3330 2516 szi
3372 2456 3551 2518 1237.

1216 2555 1322 2615 Pa
1337 2574 1591 2634 ganus
1648 2574 1746 2632 cp.
1794 2554 1967 2615 Vult.
2015 2555 2304 2632 permisit
2345 2553 2560 2614 Foresi
2602 2552 2828 2614 abbati
2877 2572 2923 2613 s.
2969 2553 3260 2633 Galgani,
3302 2560 3381 2614 ut
3421 2574 3551 2616 mo·

1096 2653 1424 2716 leudinum
1468 2651 1573 2713 vel
1609 2652 1817 2730 pluria
1859 2651 2116 2714 edificet
2161 2653 2258 2712 vel
2300 2651 2674 2714 rehedificet
2727 2652 2797 2713 in
2852 2652 3082 2714 Cecina
3134 2653 3203 2712 in
3258 2655 3433 2714 curia
3473 2652 3556 2713 de

1098 2753 1456 2832 Berignone
1497 2752 1563 2812 in
1592 2752 1785 2830 plano
1815 2750 1926 2811 ubi
1951 2751 2074 2811 dic.
2124 2758 2138 2781 ‘
2165 2750 2462 2831 Sciagum
2505 2749 2854 2811 molendini
2883 2748 3188 2829 prepositi
3215 2750 3508 2814 Casulani
3536 2751 3550 2776 ’

1096 2870 1298 2930 usque
1328 2850 1410 2910 ad
1435 2851 1665 2921 locum,
1693 2848 1804 2910 ubi
1832 2851 2108 2910 mittunt
2133 2850 2314 2910 Fosci
2336 2850 2399 2910 in
2422 2850 2671 2911 Cecina.
2758 2847 3279 2923 MOCXXXVII,
3309 2850 3439 2911 ind.
3469 2851 3551 2914 X.

1098 2949 1223 3009 kal.
1268 2946 1376 3008 iul.
1462 2966 1661 3027 prope
1705 2947 1974 3008 introitu
2018 2947 2168 3008 eccl.
2215 2967 2263 3008 s.
2310 2947 2597 3027 Galgani.
2683 2946 3137 3009 Gualteroctus
3177 2955 3313 3010 not.

1418 3044 1569 3122 Req.
1616 3045 1686 3105 in
1726 3064 1792 3105 n.
1837 3044 1958 3105 568
1999 3045 2132 3106 und
2172 3045 2354 3106 Liber
2395 3046 2633 3106 iuriam
2679 3043 2798 3105 10'.

1101 3243 1237 3305 567
2776 3240 3058 3313 Florem,
3103 3240 3143 3300 6
3180 3240 3229 3300 J
3233 3240 3332 3302 ult
3371 3239 3553 3302 1237.

1218 3340 1516 3401 Potestas
1559 3339 1612 3399 F
1615 3337 1726 3399 lor
1775 3335 1995 3398 laudat
2039 3338 2103 3397 in
2135 3339 2342 3399 causis
2370 3339 2538 3399 inter
2575 3340 2874 3399 comunia
2917 3337 3131 3399 Vult.
3176 3345 3243 3399 et
3271 3338 3472 3401 Sane
3491 3340 3556 3400 ti

1099 3439 1153 3500 G
1170 3459 1205 3498 e
1221 3458 1287 3499 m
1305 3437 1327 3496 i
1342 3457 1384 3498 n
1400 3440 1471 3499 ia
1486 3457 1528 3496 n
1544 3438 1585 3497 i.

1418 3534 1683 3596 Florenz
1726 3535 1875 3594 ASt.
1917 3533 2109 3608 (Volt.
2155 3555 2218 3594 n.
2265 3534 2408 3612 443)
2452 3533 2624 3611 Oriq.
2730 3533 2848 3593 Ed.
2906 3532 3165 3595 Santini
3223 3535 3368 3595 Doc.
3415 3534 3552 3595 453.

1424 3633 1566 3709 Περ.
1611 3632 1975 3693 David-solen
2019 3632 2268 3692 Forsolz.
2316 3633 2390 3691 II
2433 3632 2514 3693 26
2554 3631 2798 3691 n.160.

1098 3829 1239 3889 568.
2535 3827 2831 3901 Volterra,
2875 3828 2957 3888 17
2997 3827 3334 3889 November
3374 3828 3554 3890 1237.

1221 3923 1742 3995 MOCXXXVH,
1786 3925 1917 3985 ind.
1966 3924 2068 3983 X'
2081 3929 2122 4000 1
2173 3925 2295 3987 XV
2334 3922 2460 3986 kal.
2506 3926 2641 3987 dec.
2727 3925 3093 4005 Capitulum
3143 3926 3340 3996 Vult.
3387 3924 3556 3988 vide·

1099 4025 1249 4087 licet
1293 4024 1690 4086 Lanfrancus
1733 4022 2096 4095 archidiac„
2143 4027 2446 4102 magister
2499 4023 2917 4097 BroccarduS,
2979 4025 3335 4097 Rainerius,
3393 4025 3559 4085 Tan-

1098 4124 1344 4194 creduS,
1376 4122 1709 4183 Octolinus
1751 4140 1914 4192 can„
1946 4124 2383 4182 consentimus
2412 4122 2772 4183 contractui
2800 4122 2975 4183 facto
3004 4142 3044 4182 a
3088 4123 3415 4202 Pa-gano
3456 4141 3556 4200 ep.

1100 4220 1278 4285 Vult.
1308 4228 1373 4282 et
1398 4219 1625 4281 Forese
1645 4218 1885 4279 abbate
1913 4237 1963 4279 s.
1995 4218 2270 4296 Galgani
2294 4224 2361 4297 9).
2447 4221 2591 4281 Act.
2625 4220 2799 4282 Vult.
2833 4221 2901 4282 in
2929 4222 3239 4282 canonica
3267 4241 3315 4282 s.
3340 4220 3553 4283 Mario.

1102 4317 1501 4379 Ricovranza
1531 4315 1633 4394 qd.
1669 4316 1821 4375 Bue.
1860 4315 2078 4377 Presb.
2126 4317 2404 4379 Mat-tino
2445 4318 2863 4396 hospitalario
2893 4318 3228 4398 hospitalis
3258 4337 3306 4378 s.
3336 4317 3555 4379 Maris.

1101 4416 1391 4478 Iohanne
1432 4416 1661 4477 clerico
1704 4415 2155 4475 canonicorum
2197 4421 2278 4476 tt.
2365 4415 2795 4479 Bontalentus
2835 4418 2988 4497 imp.
3031 4417 3215 4479 Frecl.
3262 4423 3396 4478 not.

1431 4513 1589 4576 Vou.
1623 4512 1861 4573 AVeso.
1893 4532 1943 4572 8.
1975 4512 2168 4574 XIII
2193 4514 2317 4576 dec.
2346 4515 2473 4596 4⁸⁷2.
2498 4514 2580 4576 33
2608 4514 2778 4593 Oriq.
2861 4515 3044 4577 Liber
3071 4516 3313 4577 iuriam
3333 4515 3430 4575 10'
3455 4513 3556 4576 cit.

1250 4723 1287 4790 ¹)
1326 4723 1418 4775 tm
1451 4723 1621 4776 Jahre
1662 4725 1814 4774 1235.
1964 4725 2005 4786 ὃ)
2045 4722 2324 4773 Romaene
2361 4722 2661 4774 Indikaeion.
2809 4722 2851 4788 θ)
2891 4724 3034 4774 oben
3073 4739 3124 4774 η.
3167 4726 3283 4775 566.
