4000 5700
1108 497 1551 553 REGESTUM
1588 497 2274 554 VOLATERRANUM
2805 502 2916 555 209

464 695 631 756 inter
670 693 935 756 Ghelfos
976 702 1043 756 et
1083 693 1477 757 Ghibellinos
1501 696 1802 758 Aretinos
1828 715 2051 775 pacem
2091 696 2176 757 ad
2200 702 2417 775 partes
2443 696 2582 757 illas
2611 698 2913 776 destinet,

462 791 776 853 auxilium
816 797 1075 872 prestet.
1160 814 1188 850 «ι
1209 793 1369 855 Cum
1410 812 1490 853 ex
1530 793 1912 854 discordia».
2000 795 2146 854 Dat.
2193 793 2440 855 Perusii
2481 793 2575 855 VI
2617 795 2700 856 id.
2744 816 2914 871 nov„

462 894 640 968 pont.
684 889 906 952 VIIII.

789 988 946 1049 Volt.
990 987 1232 1049 AVesc.
1282 1005 1329 1047 8.
1374 985 1563 1046 XIII
1618 987 1742 1048 dec.
1787 987 1827 1047 6
1879 1008 1943 1048 n.
1987 988 2070 1049 12
2122 988 2290 1066 Oriy.
2339 988 2552 1065 (Bulla
2602 990 2916 1068 verloren).

780 1087 965 1148 Liber
1002 1087 1244 1148 iuriam
1282 1084 1339 1146 1'
1377 1086 1475 1147 cit.
1523 1086 2127 1181 (missversuindlich)
2153 1091 2220 1165 ¹)

463 1240 598 1301 637.
1896 1236 2192 1314 Peruyia,
2237 1239 2318 1299 22
2357 1239 2693 1300 November
2733 1240 2916 1302 1251.

583 1335 1126 1396 Innocentius
1155 1334 1247 1394 IV
1268 1353 1370 1412 ep.
1415 1334 1712 1395 Massano
1735 1338 1803 1410 ²).
1888 1334 2160 1396 Petente
2187 1336 2393 1397 electo
2411 1335 2588 1398 Vult.
2621 1337 2911 1411 mandat,

459 1432 767 1512 quatinus
820 1433 1129 1511 inquisita
1180 1432 1526 1492 summarie
1574 1433 1708 1492 sine
1762 1431 1978 1492 iudicii
2036 1434 2313 1511 strepitu
2368 1435 2646 1495 veritate
2696 1433 2913 1496 Guini-

458 1531 624 1591 sium
671 1534 742 1591 et
779 1528 1161 1610 Vigorosum
1201 1530 1376 1590 cives
1416 1535 1484 1589 et
1530 1534 1916 1590 mercatores
1969 1528 2278 1591 Senenses
2321 1537 2693 1605 asserentes,
2737 1532 2913 1612 quod

459 1627 520 1688 b.
566 1647 652 1688 m.
699 1628 1048 1707 P(aganus)
1090 1626 1269 1687 Vult.
1311 1645 1413 1705 ep.
1456 1633 1740 1686 castrum
1781 1625 1864 1686 de
1904 1626 2298 1688 Montalcino
2353 1628 2476 1689 sibi
2532 1630 2911 1709 oppignora-

460 1726 643 1797 verit,
685 1731 754 1785 et
793 1729 1079 1785 castrum
1120 1724 1504 1796 detinenteS,
1547 1723 1698 1785 licet
1739 1744 1818 1784 ex
1860 1744 1938 1785 eo
1979 1726 2379 1804 perceperint
2434 1727 2611 1787 ultra
2650 1733 2910 1799 sortem,

354 1896 366 1907 ι
457 1823 542 1885 ad
569 1825 705 1883 eius
732 1823 1209 1884 restitutionem
1238 1821 1600 1900 compellat.
1683 1841 1713 1880 α
1732 1820 1861 1882 Sua
1889 1822 2076 1884 nobis
2096 1842 2143 1883 ».
2229 1824 2384 1883 Dat.
2419 1823 2659 1883 Perusii
2690 1823 2754 1884 X
2784 1824 2911 1886 kal.

455 1922 614 1991 dec„
658 1926 841 1999 pont.
884 1918 1106 1982 VIIII.

780 2018 936 2079 Vols.
968 2017 1209 2081 AVeao.
1239 2036 1287 2077 s.
1321 2016 1509 2077 XIII
1536 2017 1655 2078 dec.
1688 2017 1728 2078 6
1752 2037 1815 2078 n.
1846 2017 1928 2079 13
1952 2018 2122 2094 Oriy.
2158 2019 2368 2093 (Bulle
2395 2018 2707 2095 verloren).
2735 2020 2917 2081 Liber

776 2118 1016 2177 iuriam
1057 2116 1116 2177 1‘
1154 2117 1252 2176 cit.

458 2215 595 2277 638.
1946 2214 2243 2289 Peruqia,
2287 2213 2327 2273 4
2366 2213 2691 2274 December
2729 2215 2906 2277 1251.

575 2312 1123 2374 Innocentius
1164 2312 1269 2374 IV
1311 2310 1540 2372 abbati
1579 2312 1659 2373 de
1698 2312 1877 2373 Rota
1920 2313 2096 2372 Aret.
2140 2310 2302 2372 dioc.
2389 2311 2695 2373 Precibus
2721 2312 2908 2374 electi

452 2410 631 2472 Vult.
674 2409 963 2483 mandat,
1007 2411 1333 2489 quatinus,
1378 2410 1434 2469 si
1473 2428 1812 2470 commune
1839 2407 1984 2470 Sen.
2014 2428 2163 2469 eum
2190 2409 2531 2487 impediat,
2563 2411 2912 2487 quominus

451 2511 521 2570 in
558 2508 827 2571 civitate
867 2514 934 2569 et
973 2508 1140 2569 dioc.
1184 2509 1360 2571 Vult.
1402 2508 1649 2569 iuribus
1689 2514 1757 2569 et
1794 2507 2235 2569 iurisdictione
2276 2511 2523 2579 utatur,
2571 2506 2774 2569 abbas
2800 2527 2909 2570 eos

450 2607 814 2686 compellat,
858 2606 1033 2685 quod
1073 2607 1410 2679 desistant,
1457 2625 1570 2685 per
1608 2606 2338 2667 excommunicationem
2380 2605 2450 2666 in
2490 2624 2795 2683 personas
2839 2611 2912 2668 et

449 2703 864 2765 interdictum
904 2705 972 2765 in
1012 2704 1367 2777 civitatem,
1425 2702 1729 2781 quociens
1782 2707 2177 2780 oportunum
2233 2701 2449 2763 fuerit.
2554 2722 2583 2761 α
2605 2702 2908 2764 Precibus

450 2800 736 2864 dilecti».
819 2801 974 2863 Dat.
1017 2801 1260 2863 Perusii
1303 2799 1376 2862 11
1412 2819 1565 2862 non.
1607 2800 1765 2874 dec„
1806 2805 1990 2880 pont.
2035 2799 2262 2862 VIIII.

777 2899 931 2962 Volt.
975 2899 1213 2962 AVesc.
1277 2919 1325 2961 ε.
1369 2895 1560 2961 XIII
1599 2899 1720 2960 dec.
1766 2898 1806 2959 6
1859 2918 1921 2959 n.
1965 2898 2049 2959 14
2089 2899 2261 2976 Oriy.
2325 2898 2532 2974 (Buue
2587 2898 2904 2975 verloren).

772 2998 953 3058 Liber
993 2998 1235 3060 iuriam
1274 2999 1316 3059 2
1354 2999 1453 3059 cit.
1579 2997 1695 3059 Ed.
1740 2996 1961 3058 Giaclzi
1992 3003 2009 3030 ¹
2056 2997 2172 3057 171
2201 3022 2282 3053 =
2315 3003 2334 3029 ²
2364 2997 2505 3060 487.

450 3139 587 3199 639.
2005 3136 2303 3215 Peruqia,
2349 3138 2389 3198 5
2428 3138 2686 3200 Januar
2724 3138 2902 3200 1252.

571 3237 1118 3298 Innocentius
1175 3236 1280 3297 IV
1323 3234 1550 3295 abbati
1604 3241 1670 3294 et
1726 3235 2078 3295 conventui
2133 3254 2184 3295 s.
2229 3234 2397 3295 Iusti
2453 3240 2521 3295 et
2560 3235 2905 3298 Clementis

448 3355 646 3415 prope
672 3334 851 3395 Vult.
922 3334 1246 3406 Concedit,
1278 3341 1355 3393 ut
1381 3332 1467 3394 ad
1507 3330 2044 3393 contribuendum
2089 3334 2159 3392 in
2198 3332 2481 3394 collectis
2526 3332 2904 3412 legatorum,

448 3436 841 3500 nuntiorum.
886 3434 1370 3494 diocesanorum
1412 3431 1536 3492 nisi
1573 3449 1691 3511 pro
1730 3437 1917 3509 parte
1958 3437 2027 3491 et
2066 3430 2491 3493 facultatibus
2547 3432 2904 3514 proportio·

446 3531 701 3593 nalibus
729 3531 1023 3610 compelli
1050 3550 1177 3592 non
1209 3530 1476 3608 possint,
1508 3533 1761 3589 statuto
1794 3528 1889 3587 vel
1923 3528 2388 3590 consuetudine
2420 3548 2549 3591 non
2578 3528 2901 3592 obstante.

449 3630 599 3690 Dat.
646 3629 890 3690 Perusii
930 3649 1083 3689 non.
1126 3629 1274 3696 ian..
1318 3633 1498 3705 pont.
1542 3625 1765 3686 VIIII.

775 3726 929 3788 Vale.
978 3726 1285 3786 AMunic.
1335 3724 1594 3800 (Badio)
1642 3723 1792 3800 Req.
1838 3743 1884 3783 8.
1930 3722 2183 3785 XVIII
2228 3724 2298 3783 in
2341 3721 2746 3785 errardinis
2788 3723 2902 3786 Oo-

768 3824 1073 3901 pialbuclz.
1106 3823 1276 3899 Oriq.
1324 3822 1611 3882 verlorcn.

591 4003 632 4065 ¹)
666 4009 681 4029 ‘
703 4002 1017 4052 Innocentii
1052 4001 1134 4050 IV
1170 4016 1337 4065 super
1371 4000 1622 4050 subsidio
1658 4000 1892 4050 militari
1928 3999 2310 4064 impendendo
2353 4015 2449 4064 per
2491 4000 2794 4063 quendam
2832 4001 2906 4051 le-

372 4121 397 4136 ·-
443 4097 641 4156 gutum
658 4092 965 4156 apostolice
986 4091 1133 4140 sedis
1155 4091 1417 4155 episcopo
1443 4088 1595 4138 Vult.
1620 4093 1680 4138 et
1704 4088 1937 4138 Aretino
1956 4086 1987 4138 ’.
2023 4076 2071 4135 U
2074 4087 2294 4151 brivam
2317 4088 2444 4138 sind
2470 4088 2545 4138 da
2563 4103 2591 4137 s
2616 4088 2902 4139 Solu-siben

442 4181 534 4231 doe
569 4182 799 4243 Papam
836 4187 849 4207 ⁴
869 4184 1066 4229 contra
1101 4178 1383 4243 quendam
1420 4176 1653 4228 Nerium
1690 4177 2076 4228 Piocholinum
2114 4181 2518 4241 occupatorem
2552 4178 2742 4227 castri
2780 4178 2906 4228 Pul·

442 4268 590 4319 ciani
609 4268 623 4290 ’
649 4269 765 4318 und
787 4269 872 4317 die
908 4267 1223 4331 zuqehon'qe
1258 4266 1450 4316 littera
1484 4265 1806 4317 executoris.
1840 4279 1918 4314 an
1952 4264 2058 4316 den
2093 4264 2259 4314 Prior
2298 4279 2402 4314 von
2438 4263 2773 4325 Gamaldoli,
2811 4266 2902 4317 di·

442 4358 535 4408 der
581 4357 741 4407 Liber
774 4356 982 4406 iuriam
1016 4356 1216 4405 ebenda
1251 4355 1441 4415 citiore,
1479 4353 1733 4404 verloron.
1945 4353 1989 4419 ⁸)
2029 4352 2278 4403 Nicolao.
2320 4351 2614 4403 Guinieius
2650 4354 2766 4403 und
2807 4353 2901 4404 Vi-

442 4461 662 4510 qorosus
698 4445 967 4496 C'iuadim‘
1002 4459 1179 4493 waren
1214 4442 1423 4494 Glieder
1457 4443 1551 4493 der
1588 4442 1780 4492 Firma
1818 4441 2147 4499 Mariocoui,
2173 4441 2308 4491 oben
2332 4457 2390 4490 n.
2423 4443 2543 4491 517.
2626 4441 2905 4498 Viellen'okt

442 4534 624 4598 qehdrt
659 4535 722 4584 in
743 4534 888 4584 dicae
910 4534 1030 4583 Zeis
1052 4533 1145 4583 der
1167 4531 1325 4582 Liber
1350 4531 1555 4581 ius-ium
1583 4526 1630 4581 1'
1653 4531 1850 4580 citior-te
1878 4529 2138 4580 verlorene
2180 4528 2334 4590 Bn’es
2373 4544 2477 4579 von
2499 4530 2777 4580 Innocens
2805 4529 2897 4580 IV

444 4621 555 4672 ‘ad
591 4623 873 4688 quendam
910 4621 1212 4672 Zilfredum
1250 4620 1509 4670 Alisonsii
1545 4621 1728 4670 civem
1768 4619 1890 4669 Seu.
1931 4624 2331 4684 occupatorem
2369 4619 2552 4669 castri
2599 4618 2672 4668 de
2722 4619 2903 4684 Lugu-

442 4714 601 4762 riano
638 4713 994 4778 episcopatus
1034 4710 1290 4775 predicti,
1329 4708 1611 4758 MCOXLI
1633 4707 1646 4730 ’
1678 4708 1762 4774 (Ε).

666 4906 731 4955 14
