4000 5700
1051 538 1498 594 REGESTUM
1536 539 2226 596 VOLATERRANUM
2759 544 2864 597 309

407 742 477 796 et
506 735 802 796 Alexium
833 736 939 816 qd.
975 735 1247 797 Renaldi
1278 735 1501 797 Iacobi
1527 742 1972 816 procuratores
2003 757 2152 797 suos
2179 735 2477 799 absentes
2508 739 2863 801 constituit.

409 833 538 892 Act
580 830 775 893 Senis.
900 832 1237 893 Fratribus
1278 831 1505 911 Ugone
1548 834 1627 893 de
1667 830 1999 893 chrtinis
2042 839 2109 892 et
2149 832 2494 895 Bonefatio
2534 834 2614 895 de
2656 835 2868 896 Massa

412 929 543 991 ord.
590 930 774 990 Pred.
818 929 1030 991 Cenne
1072 935 1316 991 rectore
1358 949 1404 990 s.
1443 930 1622 991 Petri
1649 930 1733 990 de
1762 929 1969 991 Uvile.
2004 931 2217 993 Presb.
2247 932 2524 1012 Ugolino
2555 932 2662 1013 qd.
2691 931 2863 1012 Ugo·

410 1027 525 1088 lini
553 1026 1031 1088 Bonaventure.
1061 1027 1396 1088 Petruccio
1426 1026 1738 1089 Gnidonis
1765 1028 1849 1088 de
1875 1027 2233 1107 Catignano
2255 1049 2395 1090 can.
2420 1028 2568 1090 eccl.
2593 1049 2639 1091 s.
2674 1030 2862 1091 Petri.

413 1124 626 1185 Guido
667 1124 932 1186 Rubeus
974 1124 1079 1203 qd.
1125 1124 1348 1185 Iannis
1374 1126 1418 1201 ¹)
1463 1130 1595 1185 not.

740 1222 898 1284 Volt.
946 1222 1182 1283 AVeec.
1226 1241 1275 1281 ε.
1318 1220 1509 1282 XIII
1549 1222 1673 1284 dec.
1718 1223 1759 1284 9
1797 1244 1860 1283 n.
1905 1224 1987 1285 26
2027 1226 2171 1285 zwei
2211 1225 2385 1302 Θήρ.

411 1418 552 1476 915.
1889 1417 2185 1497 Peruqia,
2230 1419 2270 1480 9
2308 1419 2646 1482 November
2684 1421 2866 1483 1284.

533 1513 944 1577 Martinus
983 1515 1091 1576 IV
1144 1515 1412 1576 Alberto
1466 1534 1607 1575 can.
1651 1515 1839 1576 Mass.
1939 1515 2223 1577 Nuntiat
2279 1515 2724 1595 (Raynerium)
2766 1537 2862 1596 ep.

413 1611 586 1673 Vult.
629 1611 752 1672 sibi
793 1612 1202 1692 significasse,
1253 1613 1450 1692 quod,
1506 1631 1655 1672 cum
1711 1612 2101 1674 Gerardinus
2157 1613 2517 1674 Guidalotti
2572 1620 2640 1675 et
2693 1616 2865 1685 socii,

411 1710 582 1769 cives
616 1717 684 1769 et
711 1717 1097 1770 mercatores
1124 1709 1544 1779 morentini,
1525 1728 1737 1787 ipsum
1767 1729 1960 1788 super
1985 1711 2269 1788 quadam
2296 1712 2566 1788 pecunie
2592 1730 2864 1783 summa,

415 1809 615 1877 terriS,
659 1806 1182 1884 possessionibus,
1226 1806 1416 1867 rebus
1456 1807 1599 1867 aliis
1645 1825 1860 1868 coram
1915 1806 2191 1868 Viviano
2242 1807 2450 1886 priore
2502 1828 2549 1870 s.
2596 1808 2867 1869 Bartho-

413 1905 604 1966 lomei
644 1905 725 1965 de
765 1903 1038 1982 Fighino
1078 1904 1285 1964 Fesul.
1330 1904 1493 1965 dioc.
1537 1906 1926 1966 auctoritate
1968 1924 2070 1984 ap.
2116 1907 2474 1966 comuniter
2521 1906 2869 1968 traxissent

411 2004 480 2063 in
524 2022 785 2063 causam
810 2002 880 2079 ⁸),
936 2021 1016 2062 ex
1057 2010 1244 2080 parte
1304 2021 1400 2081 ep.
1448 2001 1573 2063 fuit
1627 2021 1844 2063 coram
1901 2022 1977 2063 eo
2024 2004 2399 2081 excipiendo
2443 2006 2864 2082 propositum,

411 2100 607 2178 quod,
651 2119 800 2161 cum
841 2101 1014 2177 prior
1054 2106 1220 2160 esset
1261 2101 1502 2161 maiore
1547 2100 2210 2162 excommunicatione
2265 2101 2635 2174 innodatuS,
2679 2107 2869 2180 prout

411 2217 511 2275 ep.
557 2203 698 2257 erat
738 2197 806 2258 in
847 2198 1205 2258 continenti
1264 2196 1538 2275 probare
1593 2202 1877 2275 paratus,
1921 2197 2005 2258 de
2062 2217 2257 2259 causa
2311 2217 2685 2277 cognoscere
2739 2218 2869 2261 non

412 2300 689 2373 poterat,
735 2295 848 2355 sed
874 2301 1101 2355 contra
1127 2296 1445 2356 iustitiam
1472 2297 1844 2374 episcopum
1874 2295 2096 2356 audire
2124 2295 2500 2376 denegavit:
2530 2302 2868 2374 propterea

415 2413 511 2471 ep.
557 2392 642 2453 ad
682 2394 901 2454 sedem
954 2412 1057 2471 ap.
1105 2393 1474 2473 appellavit.
1533 2392 1825 2465 Mandat,
1885 2395 2195 2470 quatinus
2249 2394 2492 2454 iustum
2548 2394 2866 2456 decernat.

411 2489 862 2570 «Significavit
901 2490 1090 2552 nobis
1107 2510 1151 2551 t.
1236 2492 1388 2552 Dat.
1433 2490 1680 2552 Perusii
1717 2491 1778 2552 V
1817 2491 1900 2551 id.
1947 2511 2120 2563 nov„
2163 2497 2341 2571 pont.
2386 2490 2546 2553 IIII.

745 2588 897 2650 Volt.
946 2588 1182 2651 AVesc.
1224 2608 1276 2648 s.
1320 2587 1511 2648 XIII
1552 2587 1673 2649 dec.
1718 2588 1759 2649 9
1797 2608 1862 2649 n.
1893 2589 1971 2649 41
2017 2588 2228 2664 (Bulle
2260 2589 2552 2649 verloren.
2582 2590 2667 2649 In
2694 2588 2870 2649 dorso

736 2687 953 2748 Tanus
992 2687 1074 2748 de
1115 2686 1403 2763 casulis).
1449 2686 1544 2745 ΙΙ).
1587 2705 1653 2746 n.
1698 2685 1779 2747 33
1819 2688 2024 2747 Insert
2066 2690 2279 2762 (umen
2318 2706 2381 2746 η.
2427 2686 2593 2765 919).

413 2890 554 2950 916.
1831 2884 2134 2959 (Florenz,
2178 2885 2255 2945 21
2299 2882 2622 2945 Dezember
2658 2884 2865 2962 1284).

535 2984 692 3063 Liga
733 2983 1248 3044 Florentinorum
1293 3001 1437 3041 cum
1497 2982 1893 3044 Rainerio
1934 3001 2032 3059 ep.
2078 2981 2252 3043 Vult.
2351 2982 2491 3042 Act.
2549 2981 2871 3044 Florentio

415 3085 480 3143 in
524 3082 720 3143 domo
759 3081 994 3151 abatie‚
1036 3079 1151 3140 ubi
1191 3083 1433 3156 priores
1478 3078 1847 3139 inhabitant
1881 3099 1998 3156 pro
2027 3079 2233 3139 officio
2274 3079 2643 3140 exercendo,
2753 3079 2867 3140 Ar·

415 3181 550 3259 rigo
592 3178 672 3238 de
713 3179 776 3238 la
817 3176 1001 3237 Tosa.
1048 3176 1408 3238 Baldovino
1451 3176 1764 3237 Rinuccii.
1808 3175 1961 3236 Neri
2005 3175 2413 3254 Ardinghelli.
2458 3176 2736 3238 Consilio
2774 3179 2867 3238 iu·

417 3278 577 3338 dicis
621 3277 889 3337 Rustici.
937 3274 1266 3335 Bernardo
1309 3273 1523 3335 Rubei
1561 3274 1642 3335 de
1684 3273 1948 3334 Rubeis.
1995 3275 2355 3336 Bonissimo
2398 3274 2693 3347 Melioris,
2732 3275 2868 3337 aliis

416 3382 493 3435 tt.
571 3372 914 3436 Iacobinus
957 3372 1308 3433 Bonacursi
1341 3379 1474 3433 not.

743 3470 901 3532 Volt.
949 3470 1186 3530 AVesc.
1237 3469 1402 3546 App.
1453 3469 1482 3527 I
1491 3469 1574 3530 ld.
1621 3489 1679 3529 n.
1729 3470 1765 3529 7
1793 3469 1942 3546 Cop.
1972 3489 2020 3527 3.
2054 3468 2180 3531 XV
2215 3468 2590 3544 (Fraqment,
2624 3489 2746 3529 nur
2769 3469 2872 3530 die

734 3568 942 3629 letzten
984 3568 1023 3627 6
1063 3564 1556 3642 Paraqraphen).
1602 3566 1784 3627 Liber
1823 3567 2064 3626 iurium
2106 3565 2146 3624 9
2171 3566 2267 3625 cit.
2303 3563 2483 3639 (nach
2509 3566 2648 3624 dem
2685 3566 2865 3626 verlo-

735 3685 918 3726 renen
969 3664 1138 3742 Oriq.
1183 3664 1286 3723 des
1329 3663 1612 3740 AVesc.).
1711 3664 1862 3740 Req.
1895 3662 2251 3724 Davidsokn
2290 3661 2719 3740 Forsckunqen
2749 3663 2871 3723 III

734 3764 814 3825 33
866 3784 930 3823 n.
977 3762 1180 3838 123⁸).

415 3959 557 4020 917.
1881 3955 2162 4026 Florenz,
2206 3954 2289 4016 28
2328 3956 2650 4016 Dezember
2688 3955 2867 4018 1284.

534 4054 1124 4122 MCCLXXXIIII,
1170 4054 1297 4114 ind
1345 4053 1537 4123 XIII,
1582 4053 1687 4114 die
1729 4052 2029 4114 XXVIII
2061 4053 2208 4115 intr
2239 4053 2373 4113 dec
2461 4054 2864 4114 Bartholi·
2950 4129 2953 4134 .

412 4174 562 4215 nus
603 4155 685 4214 de
725 4151 1022 4213 Madiis
1063 4158 1353 4230 potestas
1391 4152 1575 4221 Flora,
1622 4149 1910 4231 generale
1952 4161 2020 4210 et
2062 4150 2333 4228 speciale
2375 4149 2657 4222 consilia,
2699 4151 2871 4228 capi·

413 4254 672 4314 tudines
713 4250 842 4312 VII
887 4252 1200 4311 maiorum
1246 4250 1482 4309 artium
1525 4251 1591 4310 in
1634 4248 1924 4309 comunis
1965 4246 2209 4326 palatio
2252 4248 2684 4309 Bonissimum
2718 4247 2871 4309 Mel·

416 4348 587 4407 limis
641 4348 845 4408 civem
910 4346 1074 4406 Flor.
1143 4344 1472 4406 absentem
1534 4345 1848 4405 sindicum
1914 4345 2203 4404 comunis
2265 4342 2727 4405 ordinaverunt
2786 4344 2871 4405 ad

414 4445 980 4524 apt-shendendum
1023 4451 1320 4505 tenutam
1377 4445 1455 4502 de
1511 4444 1737 4503 castris
1792 4447 1861 4502 et
1918 4442 2120 4512 terris,
2166 4441 2245 4501 de
2308 4440 2540 4519 quibus
2600 4461 2870 4504 comune

561 4661 604 4724 ¹)
642 4660 799 4709 Siehc
841 4662 970 4711 iiber
1005 4658 1102 4709 itm
1137 4660 1268 4708 oben
1307 4676 1358 4709 n.
1401 4663 1520 4709 900.
1691 4659 1736 4721 ⁹)
1773 4658 1931 4707 St'ehe
1970 4673 2022 4706 n.
2066 4659 2184 4708 691).
2368 4657 2414 4722 θ)
2454 4659 2584 4706 Dore
2622 4658 2714 4706 der
2752 4658 2871 4707 voll-

413 4751 676 4812 stcindiye,
714 4750 878 4798 Icider
913 4749 1046 4798 noch
1083 4749 1436 4811 unqedruckte
1485 4749 1701 4808 νει-ηας]
1741 4746 2046 4809 rcqistriert.
