4000 5700
1039 512 1485 569 REGESTUM
1523 514 1630 568 VO
1639 514 1792 567 LAT
1807 512 2157 567 ERRANU
2170 514 2223 566 M
2762 515 2868 568 335

391 711 630 782 banda,
673 712 809 789 ipse
850 716 1250 790 protestatus
1291 716 1390 771 est
1432 711 1783 772 terminum
1848 729 1976 770 non
2016 711 2265 781 .·valere‚
2309 729 2456 770 cum
2505 711 2867 788 assignatus

390 809 474 868 sit
516 809 652 871 sine
690 827 883 869 cause
923 806 1287 886 cognitione
1328 813 1395 869 et
1430 827 1576 868 eum
1604 827 1735 871 non
1764 808 1853 868 sit
1891 814 2264 886 competens
2294 807 2509 878 iudex,
2540 813 2625 875 et,
2654 809 2708 868 si
2735 826 2867 886 qua

389 916 488 968 est
529 907 875 984 responsi0,
920 907 1097 986 quod
1154 926 1282 968 non
1336 906 1558 975 credit,
1603 908 1759 966 viva
1804 926 1957 967 voce
2022 907 2105 966 ad
2168 906 2570 969 Bonifatium
2626 926 2863 984 papam

387 1004 673 1083 appellat
714 1014 780 1065 et
823 1005 1200 1084 appostolos
1240 1005 1359 1065 sibi
1403 1005 1544 1066 dari
1590 1007 1774 1083 petit.
1867 1005 2012 1065 Act.
2059 1006 2265 1065 Messe
2307 1006 2371 1065 in
2403 1005 2702 1065 viridario
2731 1007 2860 1082 epi·

388 1105 584 1183 scopi.
671 1104 783 1166 Ser
829 1103 1174 1165 Fuschono
1216 1113 1350 1164 not.
1397 1103 1478 1163 de
1521 1102 1733 1165 Massa
1775 1109 1842 1164 et
1886 1102 2131 1181 Iacopo
2175 1104 2538 1164 Benvenuti
2568 1104 2648 1164 de
2676 1103 2863 1165 Sasso

391 1207 470 1261 tt.
560 1200 1242 1274 MCCLXXXXVIII,
1285 1198 1414 1261 ind.
1463 1199 1581 1267 XI,
1628 1200 1835 1261 XXII
1878 1220 2013 1277 apr.
2102 1201 2290 1260 Ianni
2340 1220 2438 1259 ser
2484 1200 2856 1261 Bet-nardini

395 1305 532 1359 not.
575 1298 656 1359 de
699 1299 871 1359 Vult.
916 1306 1088 1359 auct.
1137 1301 1286 1375 imp.
1333 1297 1525 1358 iudex
1568 1298 1702 1359 ord.
1749 1306 1816 1359 et
1854 1306 1990 1359 not.

713 1397 973 1457 Florenz
1013 1396 1164 1456 Ast.
1214 1397 1396 1470 (Volt.
1447 1416 1501 1455 n.
1551 1396 1753 1471 1395).

391 1595 530 1653 983.
1624 1591 1855 1652 Massa
1899 1591 2280 1664 Man-inimo,
2323 1592 2404 1653 22
2444 1592 2640 1669 April
2680 1591 2857 1653 1298.

511 1688 833 1753 Orlandus
893 1708 990 1769 ep.
1057 1690 1413 1761 Massanus,
1466 1694 1775 1751 executor
1841 1687 2205 1750 litterarum
2265 1686 2483 1749 fratris
2552 1689 2860 1749 Mathei

395 1787 618 1864 (card.)
662 1804 761 1866 ep.
801 1784 1297 1848 Portuensis
1338 1792 1405 1846 et
1443 1804 1496 1845 s.
1544 1784 1821 1857 Ruffine‚
1867 1784 2063 1864 legati
2106 1784 2463 1863 apostolici,
2507 1785 2860 1863 assignavit

389 1884 627 1946 Iacobo
669 1884 949 1947 Barzerii
992 1886 1389 1963 procuratori
1428 1884 1719 1945 comunis
1754 1883 1931 1945 Vult.
1987 1884 2336 1945 terminum
2377 1883 2445 1942 X
2484 1882 2732 1947 dierum
2773 1884 2860 1945 ad

391 1983 823 2046 reducendum
878 1982 1237 2046 Gnidonem
1293 1983 1600 2044 abbatem
1656 2002 1824 2043 mon.
1884 2002 1934 2042 s.
1982 1982 2162 2044 Petri
2202 1982 2284 2043 de
2323 1981 2735 2043 Monteviridi
2792 1985 2856 2044 in

389 2085 851 2162 possessionem
893 2084 1262 2145 monasterii
1291 2086 1356 2159 Ι).

710 2180 971 2241 Florem
1011 2180 1164 2241 Ast.
1214 2181 1398 2256 (Vols.
1443 2201 1504 2241 π.
1550 2179 1738 2257 1397)
1784 2179 1955 2256 Oria.

393 2372 530 2436 984.
2091 2374 2270 2447 Rom,
2315 2376 2396 2438 24
2439 2376 2634 2453 April
2674 2377 2851 2438 1298.

511 2474 998 2557 Bonifatius
1037 2474 1246 2537 VIII
1299 2474 1651 2551 (Rainerio)
1709 2493 1806 2553 ep.
1853 2473 2028 2534 Vult
2114 2472 2357 2535 Narrat
2403 2492 2472 2534 se
2525 2493 2641 2553 per
2693 2474 2853 2549 Mm-

389 2572 643 2649 theum)
685 2573 855 2634 card.
901 2593 997 2653 ep.
1043 2573 1466 2635 Portuensem
1505 2573 1764 2634 novisse
1806 2573 2023 2650 ipsum
2072 2571 2157 2631 ab
2214 2591 2289 2627 (τι
2343 2570 2427 2632 ad
2470 2572 2853 2651 recipienda,

391 2689 516 2748 que
555 2672 813 2732 racione
853 2674 1058 2733 crucis
1097 2670 1528 2742 destinantur,
1559 2676 1626 2730 et
1654 2670 1738 2730 ad
1781 2669 2213 2731 ordinandum
2242 2671 2599 2733 adventum
2642 2688 2851 2731 cruce-

392 2769 796 2848 signatorum
837 2769 1226 2847 deputatum
1270 2787 1406 2830 esse
1447 2775 1514 2830 et
1554 2768 2047 2830 sollicitudinem
2092 2766 2407 2829 habuisse.
2472 2768 2709 2848 Rogat,
2755 2778 2849 2841 ut,

389 2866 504 2945 qui
568 2863 985 2945 personaliter
1042 2870 1481 2929 transmittere
1538 2868 1761 2936 velint,
1821 2868 2033 2945 parati
2090 2868 2254 2938 sint;
2323 2868 2432 2945 qui
2493 2867 2851 2928 subsidium

389 2961 767 3044 largiantur,
811 2965 970 3026 illud
1010 2967 1071 3027 ei
1097 2968 1234 3027 sine
1266 2984 1446 3027 mora
1472 2965 1751 3026 solvant.
1835 2983 1864 3022 α
1891 2965 1989 3025 Ad
2033 2984 2113 3025 ea
2130 2985 2173 3024 ι).
2259 2966 2410 3026 Dat.
2443 2965 2648 3026 Rome
2676 2966 2852 3044 apud

390 3081 437 3122 s.
483 3061 747 3123 Petrum
790 3062 957 3124 VIII
999 3063 1123 3125 kal.
1167 3065 1341 3135 maii,
1385 3070 1566 3142 pont.
1613 3061 1773 3123 1111.

721 3160 870 3222 Vols.
917 3160 1159 3223 AVesc.
1203 3182 1253 3222 s.
1296 3161 1485 3221 XIII
1526 3162 1647 3222 dec.
1694 3160 1776 3221 10
1816 3182 1877 3221 π.
1922 3161 2001 3222 31
2059 3159 2228 3237 Oriq.
2292 3159 2506 3235 (Bulle
2560 3160 2849 3232 verloren,

705 3257 831 3334 aus,
863 3257 971 3319 der
1012 3258 1198 3320 Plica
1237 3258 1431 3319 recht-¹³
1472 3259 1553 3319 de
1594 3259 1817 3334 curia).
1903 3257 2021 3317 E'd.
2069 3256 2290 3318 Giaclzi
2322 3259 2341 3288 ²
2372 3256 2582 3334 497‘).
2674 3285 2677 3288 ·

391 3451 527 3511 985.
1761 3452 2131 3529 Beriqnone,
2176 3451 2256 3512 13
2295 3450 2631 3512 November
2669 3451 2846 3513 1298.

509 3548 1191 3621 MCCLXXXXVIII,
1233 3550 1367 3611 ind.
1397 3549 1554 3622 XII,
1590 3549 1761 3612 XIII
1802 3570 1955 3612 nov.
2040 3549 2508 3629 Raynerius
2547 3568 2645 3628 ep.
2669 3549 2845 3610 Vult.

391 3648 719 3708 ordinavit
748 3649 1126 3726 magistrum
1157 3646 1464 3709 Iacobum
1495 3645 1738 3726 Pagani
1765 3647 1846 3708 de
1874 3646 2152 3724 Piperno
2191 3645 2639 3724 cappellanum
2676 3647 2849 3708 Petri

389 3766 439 3805 s.
486 3746 686 3806 Μαι-16
733 3765 901 3808 nove
955 3745 1117 3807 diae.
1162 3745 1332 3808 card.
1376 3744 1709 3806 absentem
1752 3763 1940 3805 suum
1989 3745 2296 3805 vicarium
2339 3745 2422 3806 ad
2471 3745 2847 3805 confirman-

389 3842 544 3902 dum
589 3861 733 3902 cum
792 3842 1051 3904 Davino
1074 3842 1121 3920 ⁸)
1156 3844 1357 3922 priore
1385 3842 1660 3920 generali
1691 3842 1826 3903 ord.
1858 3841 2363 3903 Camaldulensis
2391 3841 2845 3902 Francischum

390 3940 839 4017 cappellanum
880 3940 1219 4002 cardinalis
1263 3941 1327 4000 in
1369 3939 1674 4001 abbatem
1716 3940 1798 4000 de
1845 3940 2113 4000 Adelmo
2155 3938 2440 4001 Camald.
2482 3939 2617 3999 ord.
2668 3939 2842 4000 Vult.

389 4037 574 4115 dyoc.
659 4037 804 4098 Act.
850 4039 919 4098 in
944 4056 1196 4100 cassato
1222 4039 1304 4099 de
1335 4039 1705 4115 Berignone.
1793 4039 2036 4117 Angelo
2078 4057 2216 4099 can.
2260 4036 2466 4115 plebis
2493 4036 2754 4098 Aretine
2782 4042 2848 4096 et

391 4135 658 4195 Hertico
702 4135 974 4214 plebano
1015 4155 1065 4194 s.
1111 4135 1361 4216 Reguli.
1447 4135 1800 4196 Ubertinus
1841 4136 2024 4198 Tichi
2062 4136 2143 4197 de
2185 4134 2432 4197 Gaville
2472 4141 2610 4197 not.

717 4234 868 4294 Volt.
917 4234 1152 4296 AVesc.
1196 4253 1244 4293 s.
1291 4233 1476 4293 XIII
1519 4233 1638 4294 dec.
1685 4233 1765 4293 10
1803 4254 1864 4293 n.
1909 4234 1991 4295 33
2032 4234 2201 4310 Orio.

537 4467 578 4532 ¹)
618 4468 728 4526 Ort,
767 4469 985 4530 Zeuqen
1020 4470 1134 4517 und
1159 4470 1362 4518 Datum
1388 4469 1484 4517 wie
1522 4469 1601 4517 im
1637 4469 1866 4531 voriqen.
2000 4470 2044 4533 ²)
2085 4469 2238 4519 Fehlc
2276 4471 2338 4519 in
2373 4471 2467 4520 der
2502 4476 2674 4519 ersten
2708 4471 2847 4529 Au!-

388 4558 523 4620 laqe.
669 4555 712 4617 ⁸)
754 4555 874 4604 Aue
911 4557 1084 4606 dieser
1122 4559 1278 4608 Stella
1316 4573 1628 4607 zusammen
1665 4559 1767 4606 mit
1805 4574 1858 4608 π.
1900 4561 2006 4607 976
2044 4559 2239 4621 eryiebt
2274 4560 2406 4615 sich,
2446 4560 2573 4608 dass
2609 4559 2703 4608 der
2743 4560 2846 4606 Ca-

389 4646 998 4696 maldulenoer-General
1046 4647 1230 4695 David
1279 4648 1577 4710 (Davinus)
1632 4648 1764 4696 doch
1813 4647 2159 4697 unmittelbar
2207 4650 2307 4709 aul
2356 4648 2632 4711 Friqdian
2665 4648 2839 4710 solym,

393 4751 499 4784 was
537 4736 828 4786 hlium-elli
865 4736 1013 4785 Arm.
1056 4737 1207 4786 Cam.
1247 4737 1332 4785 IV
1375 4738 1602 4786 2:3'5-327
1642 4753 1708 4785 zu
1749 4737 2067 4799 wider-leyen
2102 4737 2218 4786 sich
2252 4737 2484 4788 bemiihe.
