4000 5700
1132 517 1241 570 316
1777 514 2157 568 REGESTL
2162 515 2222 567 M
2264 515 2313 567 V
2319 513 2887 567 OLATERRANU
2890 515 2949 567 M

1132 713 1268 774 932.
2581 711 2908 783 Ghizzarm,
2953 712 2994 771 5
3032 711 3369 772 November
3409 711 3592 771 1286.

1255 809 1791 879 MOCLXXXVI,
1817 811 1945 871 ind.
1972 809 2115 881 XV,
2142 829 2287 870 nov.
2306 808 2379 870 V
2466 807 2706 870 Omnes
2729 809 3038 881 homineS,
3056 827 3322 870 numero
3343 809 3591 879 LXXI,

1130 912 1195 969 in
1239 908 1658 969 Ghizzano
1699 907 1882 967 vallis
1928 906 2053 968 Ere
2094 906 2505 968 Cavaleantis
2534 906 2847 967 Bet-nardi
2872 907 2954 967 de
2981 907 3480 968 Cavaloantibus
3510 907 3595 967 de

1130 1005 1295 1067 Flor.
1340 1005 1652 1085 generalis
1695 1005 1914 1064 vicarii
1959 1004 2341 1064 Rainerii
2384 1023 2482 1082 op.
2527 1003 2701 1064 Vult.
2748 1005 2814 1064 in
2858 1002 3024 1064 valle
3067 1003 3191 1063 Ere
3230 1006 3589 1081 sequimen·

1130 1111 1273 1164 tum
1314 1109 1381 1164 et
1423 1102 1567 1173 alia,
1612 1122 1738 1181 que
1778 1103 1846 1162 in
1886 1103 2095 1181 paetin
2137 1103 2309 1162 inter
2349 1121 2621 1162 comune
2662 1100 3107 1162 Florentinum
3149 1108 3217 1161 et
3257 1121 3354 1180 ep.
3386 1104 3591 1162 eonti-

1127 1210 1381 1271 nentur,
1427 1202 1801 1261 iuraverunt
1828 1201 1891 1274 ¹).
1977 1199 2118 1259 Act.
2145 1199 2320 1278 apud
2349 1198 2787 1260 Ghiazzanum
2815 1200 2999 1260 iuxta
3026 1199 3175 1259 6661.
3257 1199 3592 1259 Ranuecio

1128 1296 1460 1375 capellano
1499 1294 1646 1356 eccl.
1691 1302 1758 1356 et
1801 1295 2059 1356 Maozeo
2100 1294 2430 1372 capellano
2470 1292 2617 1355 eccl.
2662 1315 2708 1353 s,
2754 1294 3077 1356 Mustuole
3117 1301 3195 1355 tt.

2462 1488 2898 1559 Terriceiuola‚
2943 1489 2983 1549 6
3024 1490 3362 1549 November
3401 1490 3581 1550 1286.

1245 1588 1417 1648 Item
1458 1587 1506 1648 C
1547 1587 1838 1648 homines
1867 1607 1906 1646 a
1943 1586 2067 1647 XV
2096 1587 2181 1646 ad
2209 1587 2394 1646 LXX
2438 1607 2641 1647 annos
2682 1587 2763 1648 de
2807 1586 3374 1647 Terriooiuola
3417 1589 3582 1647 iura·

1125 1691 1375 1745 verunt.

2597 1826 2900 1899 Soanicci,
2946 1826 2985 1886 6
3026 1826 3360 1887 November
3399 1827 3580 1887 1286.

1246 1923 1411 1984 Item
1459 1922 1592 1982 XX
1635 1922 1925 1983 homines
1967 1942 2008 1983 a
2050 1921 2174 1983 XV
2216 1923 2300 1982 ad
2343 1923 2530 1983 LXX
2572 1944 2778 1985 annos
2816 1924 2898 1984 (16
2939 1923 3376 1985 Scandicci
3416 1926 3581 1985 iura·

1125 2026 1375 2081 verunt.

2626 2154 2896 2227 Rivalw,
2941 2155 2981 2216 9
3020 2156 3359 2216 November
3397 2156 3580 2216 1286.

1244 2251 1412 2312 Item
1463 2250 1708 2310 LXXV
1757 2249 2049 2311 homines
2097 2271 2133 2308 a
2186 2251 2307 2311 XV
2358 2253 2441 2311 ad
2492 2251 2677 2312 LXX
2728 2270 2931 2312 annos
2972 2251 3055 2312 (16
3098 2251 3441 2313 Rivalto
3484 2255 3579 2311 iu-

1123 2354 1430 2411 raverunt
1443 2400 1449 2409 .

2596 2483 2897 2555 Chianm‘,
2942 2484 2982 2543 9
3022 2483 3357 2544 November
3397 2484 3577 2545 1286.

1243 2582 1411 2642 Item
1456 2582 1575 2642 CII
1618 2581 1907 2643 homines
1949 2582 2030 2640 de
2071 2581 2424 2641 Chianni
2467 2583 2859 2642 iuraverunt.

2630 2776 2855 2847 strido,
2899 2776 2980 2836 10
3022 2777 3354 2838 November
3395 2778 3579 2838 1286.

1241 2875 1413 2936 Item
1443 2876 1563 2936 XL
1589 2876 1876 2935 homines
1906 2896 1945 2936 a
1974 2875 2097 2935 XV
2128 2876 2211 2934 ad
2254 2876 2440 2935 LXX
2485 2894 2687 2936 annos
2730 2876 2808 2935 (16
2850 2873 3136 2936 Strido
3178 2878 3577 2936 iuraverunt.

2531 3070 2851 3146 Gasaylia,
2897 3071 2978 3131 10
3017 3071 3353 3132 November
3393 3071 3574 3132 1286.

1243 3168 1410 3228 Item
1453 3167 1681 3229 XXIV
1721 3167 2015 3229 homines
2070 3190 2109 3229 a
2150 3169 2273 3229 XV
2316 3169 2399 3229 ad
2441 3167 2629 3228 LXX
2687 3188 2891 3229 annos
2933 3167 3013 3228 (16
3062 3168 3427 3230 Casallia
3484 3171 3579 3230 iu·

1120 3270 1443 3326 taverunt.

2533 3401 2853 3472 Orciatioo,
2898 3400 2979 3460 10
3018 3401 3355 3461 November
3395 3401 3575 3462 1286.

1236 3495 1408 3555 Item
1451 3494 1643 3555 XLII
1686 3496 1975 3556 homines
2003 3517 2039 3554 a
2072 3497 2193 3557 XV
2226 3497 2309 3559 ad
2336 3497 2524 3557 LXX
2569 3517 2772 3557 annos
2812 3497 2892 3556 (16
2937 3496 3366 3559 Oroiatico
3407 3499 3575 3558 iura-

1118 3599 1367 3655 verunt.

2594 3710 2853 3782 LatretO,
2899 3711 2979 3771 13
3017 3710 3354 3772 November
3394 3711 3573 3772 1286.

1237 3806 1404 3866 Item
1449 3806 1636 3867 XCII
1679 3807 1967 3867 homines
2014 3828 2051 3867 a
2080 3808 2202 3868 XV
2234 3809 2315 3869 ad
2344 3808 2533 3868 LXX
2576 3828 2780 3868 annon⁸
2808 3828 2848 3868 a
2876 3809 3119 3870 sindico
3155 3808 3295 3868 dat-i
3330 3809 3411 3869 (16
3438 3809 3573 3869 La·

1118 3910 1340 3965 treto
1382 3906 1778 3967 iuraverunt.

1234 4002 1447 4063 Fortis
1488 4001 1834 4082 Magalooti
1874 4003 1953 4062 (16
1996 4003 2422 4082 Carmignano
2464 4011 2596 4065 not.

1441 4100 1595 4162 Volt.
1643 4101 1879 4161 AVesc.
1924 4122 1973 4160 3.
2020 4102 2205 4160 XIII
2249 4103 2371 4161 dec.
2406 4102 2443 4160 9
2470 4123 2532 4161 n.
2578 4103 2659 4162 48
2684 4103 2855 4178 Oriq.
2890 4102 3227 4176 (Botulus).
3266 4102 3446 4162 Liber
3470 4104 3573 4163 iu·

1431 4199 1600 4258 rium
1644 4199 1683 4257 8
1722 4199 1818 4259 cit.

1259 4463 1301 4525 ¹)
1340 4462 1430 4510 Im
1469 4461 1578 4510 XV
1617 4460 1988 4509 Jahrhundert
2026 4459 2201 4507 warde
2240 4458 2320 4506 im
2355 4457 2728 4515 bischoflichen
2766 4458 2967 4507 Archiv
3015 4473 3082 4505 zu
3128 4457 3262 4507 Vols.
3303 4459 3443 4508 auch
3479 4459 3573 4507 ein

1115 4553 1280 4600 Liber
1317 4557 1571 4600 actorum
1609 4556 1861 4612 tempore
1897 4548 2113 4597 domini
2150 4546 2379 4596 Hem-ici
2415 4547 2486 4595 (16
2521 4546 2578 4595 la
2614 4548 2761 4596 Tosa
2786 4545 2982 4597 vicarii
3018 4547 3292 4612 generalis
3328 4548 3388 4597 in
3425 4548 3572 4597 valle

1114 4642 1223 4689 Ero
1261 4656 1359 4705 pro
1399 4653 1483 4704 ep.
1523 4638 1674 4688 Vult.
1713 4654 1864 4688 anno
1905 4640 1990 4686 Do
2012 4637 2135 4686 nini
2174 4636 2623 4685 MCCLXXXVI
2663 4636 3006 4695 aufbewahrt,
3036 4638 3132 4685 wie
3168 4638 3323 4685 Liber
3362 4637 3573 4685 ius-ium

1117 4727 1200 4778 :2⁴3¹
1237 4729 1334 4776 sub
1375 4727 1428 4774 H
1469 4726 1720 4775 vermerkt
1755 4727 1841 4774 ist.
