4000 5700
1129 527 1201 580 86
1776 526 2222 581 REGESTUM
2258 525 2944 581 VOLATERRANUM

1130 725 1271 786 249.
2857 722 3034 792 Pisa,
3078 722 3160 784 25
3197 723 3369 783 Juni
3407 722 3581 783 1199.

1293 821 1726 884 Hubaldus
1783 822 1906 884 Pis.
1953 821 2249 899 archiep„
2295 819 2586 882 Sardinie
2644 823 2899 900 primas,
2958 840 3058 899 ap.
3118 821 3285 882 sedis
3339 822 3588 900 legatus

1130 921 1410 982 concedo
1437 920 1719 982 Martino
1758 919 1955 997 priori
1993 917 2476 979 camaldulensi
2516 917 2849 997 recipienti
2890 937 3009 995 pro
3066 938 3232 979 mon.
3285 939 3332 978 s.
3389 918 3587 978 Marie

1130 1016 1443 1090 Morrone‚
1470 1023 1546 1078 ut
1564 1016 1753 1078 liceat
1780 1014 1903 1075 tibi
1932 1016 2269 1076 instituere
2297 1014 2696 1075 sacerdotem
2726 1016 2794 1075 in
2822 1015 3071 1092 capella
3087 1015 3169 1075 de
3189 1015 3584 1077 Montanino.

1132 1115 1274 1176 Act.
1305 1114 1469 1174 Pisis
1497 1115 1564 1174 in
1591 1132 1844 1174 camera
1875 1111 2149 1191 archiep.
2233 1131 2395 1190 pres.
2429 1111 2686 1174 Simone
2715 1110 2953 1174 abbate
2981 1131 3028 1172 s.
3061 1110 3301 1174 Savini.
3335 1111 3588 1191 Oseppo

1134 1212 1370 1274 abbate
1410 1212 1491 1274 de
1519 1211 1791 1275 Cintoia.
1822 1208 2116 1271 Guidone
2159 1210 2366 1288 priore
2395 1211 2476 1270 de
2505 1208 2857 1272 Camaldoli
2885 1209 2963 1270 de
2994 1209 3334 1271 Florentia.
3371 1207 3588 1270 Presb.

1136 1307 1416 1371 Orlando
1456 1309 1536 1369 de
1585 1309 1902 1370 Morrona.
1961 1308 2310 1369 Lamberto
2365 1301 2611 1367 sindico
2666 1325 2714 1367 s.
2774 1305 3013 1367 Savini.
3067 1306 3438 1368 Bonacurso
3479 1307 3587 1386 qd.

1131 1406 1463 1467 Gnidonis.
1509 1403 1862 1467 Orlandino
1905 1405 2011 1483 qd.
2056 1403 2418 1465 Martinelli.
2468 1404 2759 1481 Mogione
2803 1404 2909 1481 qd.
2949 1403 3210 1463 Martini
3237 1409 3318 1463 tt.
3404 1403 3588 1472 MCC,

1133 1502 1261 1563 ind.
1305 1501 1396 1576 ΙΙ,
1427 1499 1556 1562 VII
1584 1501 1712 1561 kal.
1742 1501 1874 1561 iuli.
1958 1501 2232 1581 Uguicio
2270 1499 2314 1560 f.
2360 1499 2469 1579 qd.
2500 1499 2943 1561 lldebrandini
2984 1500 3066 1560 de
3106 1500 3284 1561 curia
3310 1499 3591 1562 Gualan-

1133 1601 1473 1680 dingorum
1519 1597 1777 1660 Henrici
1821 1599 1971 1679 imp.
2019 1599 2212 1659 iudex
2255 1599 2387 1660 ord.
2433 1603 2499 1657 et
2542 1604 2673 1658 not.

1462 1696 1614 1758 Volt.
1661 1695 1897 1756 AVa-sc.
1939 1715 1988 1756 8.
2034 1694 2182 1755 XII
2224 1695 2343 1756 dec.
2389 1694 2471 1756 10
2509 1714 2571 1755 n.
2616 1694 2698 1755 15
2737 1694 2906 1772 Oriq.

1134 1892 1275 1952 250.
2517 1889 2872 1966 Semilonte,
2916 1889 2996 1950 24
3039 1889 3374 1949 November
3413 1889 3590 1950 1199.

1256 1987 1566 2049 Homines
1595 1988 1815 2069 oppidi
1842 1986 1885 2049 S
1903 1989 2131 2048 ancti
2158 1987 2626 2049 Geminiani
2665 1988 2950 2047 iuramus
2977 1985 3346 2048 hominibus
3373 1986 3594 2068 oppidi

1136 2089 1217 2150 de
1272 2084 1492 2148 Colle
1533 2092 1750 2146 tenere
1790 2085 2164 2146 societatem
2208 2086 2290 2147 ad
2333 2084 2526 2146 XXV
2569 2105 2786 2148 annos.
2834 2083 3136 2147 Consules
3179 2084 3281 2146 vel
3321 2092 3596 2146 rectores

1136 2186 1342 2246 iurare
1367 2182 1675 2245 faciemus
1716 2184 1893 2244 omni
1934 2182 2375 2262 quinquennio
2411 2183 2500 2244 ire
2529 2184 2613 2245 ad
2643 2184 2954 2264 oppidum
2984 2184 3065 2244 de
3093 2182 3264 2244 Colle
3293 2189 3360 2243 et
3388 2182 3592 2261 inqui·

1135 2302 1272 2344 rere
1296 2280 1586 2344 consules
1606 2280 1710 2342 vel
1728 2287 2006 2343 rectores
2025 2281 2180 2354 eiua
2211 2288 2289 2342 ut
2315 2280 2560 2343 faciant
2588 2282 2724 2343 fieri
2746 2286 3220 2343 sacramentum
3251 2281 3590 2343 societatis.

1136 2378 1543 2444 Salvabimus
1584 2380 1873 2440 homines
1914 2380 1994 2440 de
2040 2378 2240 2452 Colle;
2275 2381 2386 2460 qui
2414 2381 2465 2440 si
2501 2379 2564 2440 in
2595 2380 2859 2442 servitio
2889 2388 3110 2444 nostro
3141 2381 3451 2452 venerint,
3482 2381 3592 2442 da·

1136 2476 1350 2538 bimus
1392 2474 1714 2547 victualia,
1760 2496 2015 2555 panem,
2061 2476 2308 2546 vinum,
2351 2495 2627 2550 carnem,
2674 2495 3031 2549 annonam;
3076 2495 3275 2556 equos
3308 2483 3375 2538 et
3416 2497 3597 2540 arma

1135 2573 1635 2638 emendabimus.
1681 2572 1993 2634 Homines
2022 2575 2244 2635 Sancti
2270 2573 2653 2648 Geminiani,
2688 2574 2797 2654 qui
2826 2581 2974 2654 post
3001 2593 3225 2656 pacem
3262 2575 3343 2636 de
3369 2595 3597 2655 guerra

1137 2673 1378 2737 Casalie
1420 2674 1595 2749 apud
1638 2690 1753 2732 nos
1798 2671 2055 2744 fuerint,
2101 2672 2392 2748 inquisiti
2436 2674 2519 2734 ab
2562 2693 2780 2734 eorum
2812 2672 3089 2734 dominis
3123 2674 3464 2735 reddemus
3491 2673 3591 2734 vel

1134 2790 1283 2834 cum
1325 2770 1416 2832 eis
1456 2769 1839 2832 concordare
1882 2769 2190 2830 faciemus
2215 2768 2409 2831 libere
2437 2777 2505 2831 et
2532 2772 2665 2831 sine
2692 2769 2964 2850 placito;
3009 2771 3310 2852 deinceps
3350 2769 3591 2832 nullum

1136 2869 1525 2951 recipiemus.
1573 2868 1670 2929 De
1710 2869 1942 2947 predis,
1986 2867 2560 2941 combustionibus,
2607 2870 3019 2930 incisionibus
3075 2889 3116 2930 a
3171 2890 3326 2949 pace
3373 2890 3596 2951 guerre

1138 2968 1381 3032 Casalie
1425 2965 1606 3031 nobis
1648 2967 1837 3028 factis
1879 2966 2358 3045 requisitionem
2406 2987 2529 3027 non
2573 2966 2897 3029 faciemus.
2946 2969 3334 3042 Credentias,
3380 2967 3593 3031 malle-

1138 3066 1365 3132 variaS.
1411 3063 1848 3125 fideiussiones
1890 3085 1930 3125 a
1969 3065 2148 3126 dicta
2188 3084 2345 3144 pace
2386 3062 2596 3126 factas
2639 3065 2738 3124 vel
2783 3065 3044 3126 inantea
3084 3066 3410 3128 faciendas
3448 3086 3594 3127 con-

1137 3163 1303 3224 sules
1343 3162 1433 3223 eis
1475 3163 1559 3224 ad
1600 3162 1724 3222 XV
1766 3162 1902 3222 dies
1944 3167 2091 3240 post
2135 3161 2617 3239 requisitionem
2658 3161 2928 3224 dabunt.
2974 3160 3040 3222 Si
3076 3164 3219 3240 quis
3249 3162 3593 3225 reelamum

1136 3261 1356 3323 fecerit
1384 3261 1559 3339 apud
1586 3258 1875 3320 consules
1904 3264 1971 3320 et
1998 3263 2276 3319 rectores
2305 3267 2390 3332 et,
2424 3261 2478 3319 si
2497 3259 2564 3319 hi
2594 3279 2721 3321 non
2744 3259 3004 3333 fuerint,
3029 3260 3205 3339 apud
3229 3261 3364 3321 XII
3395 3258 3596 3320 bonos

1140 3358 1307 3419 viros
1348 3355 1572 3418 Sancti
1611 3355 1995 3428 Geminiani,
2039 3354 2286 3415 faciant
2326 3357 2385 3416 ei
2426 3357 2757 3417 rationem.
2805 3356 2870 3418 Si
2911 3354 3201 3418 consules
3229 3361 3294 3416 et
3325 3363 3599 3417 rectores

1138 3459 1255 3517 aut
1294 3454 1654 3534 provisores
1697 3454 1763 3513 in
1806 3452 1977 3515 Colle
2022 3472 2151 3514 non
2193 3452 2451 3527 fuerint,
2498 3454 2760 3531 quando
2801 3453 3005 3515 nostri
3045 3453 3337 3515 consules
3378 3472 3455 3513 eo
3508 3454 3598 3514 ire

1137 3551 1436 3622 debeant,
1481 3553 1684 3612 nostri
1725 3570 1830 3613 eos
1873 3548 2137 3631 eligant,
2180 3556 2248 3611 et
2288 3552 2342 3611 si
2404 3553 2470 3611 in
2527 3557 2799 3628 utroque
2858 3550 3098 3629 oppido
3151 3549 3442 3629 consules
3499 3549 3598 3611 vel

1138 3657 1412 3712 rectores
1454 3670 1584 3715 non
1624 3650 1883 3722 fuerint,
1928 3650 2293 3729 prepositus
2334 3648 2554 3711 Sancti
2598 3649 2962 3711 Geminiani
3009 3668 3156 3709 cum
3213 3648 3595 3730 archipresb.

1138 3748 1219 3809 de
1260 3747 1429 3810 Colle
1471 3746 1710 3827 eligant
1751 3748 1819 3807 in
1861 3753 2140 3826 utroque
2184 3746 2323 3808 XII
2366 3746 2569 3809 bonos
2612 3747 2918 3821 homines,
2967 3748 3056 3809 VI
3099 3749 3350 3826 pedites
3396 3754 3463 3809 et
3503 3747 3594 3809 VI

1137 3842 1387 3905 milites.
1434 3842 1747 3904 Homines
1786 3844 1867 3904 de
1908 3842 2083 3905 Colle
2125 3843 2580 3906 adjuvabimus
2624 3844 2704 3905 de
2750 3844 2992 3923 guerris
3047 3864 3194 3904 cum
3251 3843 3595 3907 Martulen·

1137 3940 1314 4002 sibus
1334 3944 1376 4018 ¹)
1401 3941 1486 4002 ad
1499 3960 1792 4021 guerram
1819 3941 2069 4003 finitam
2094 3947 2322 4002 contra
2344 3961 2582 4013 omnes,
2610 3943 2724 4019 qui
2750 3941 3170 4004 Martulenses
3195 3942 3595 4015 adiuvarent,

1137 4040 1518 4101 nominatim
1542 4045 1769 4101 contra
1789 4040 2224 4111 Florentinos3
2254 4046 2670 4117 exceptamus
2699 4041 3066 4119 episcopum
3091 4037 3291 4109 Vult„
3309 4038 3599 4112 homines

1134 4139 1217 4199 de
1235 4137 1557 4205 CertaldO.
1578 4138 2003 4216 CatingnanO,
2033 4136 2394 4211 Gambassi,
2420 4136 2897 4218 Montetignosi,
2928 4135 3393 4210 CastroveterO,
3417 4136 3594 4198 Mon·

1139 4234 1465 4316 tegabaro.
1508 4233 1868 4296 Mainectus
1909 4234 2132 4295 consul
2172 4236 2253 4295 de
2307 4234 2660 4296 Semifonte
2716 4233 2955 4295 arbiter
3008 4252 3086 4293 ex
3142 4234 3600 4311 compromisso

1137 4350 1328 4410 super
1367 4331 1812 4411 repetitionem
1856 4329 2242 4393 Collensium
2286 4333 2593 4393 adversus
2640 4332 2926 4394 homines
2968 4329 3189 4391 Sancti
3236 4328 3600 4392 Geminiani

1138 4430 1218 4491 de
1258 4429 1608 4502 colonibus,
1652 4430 1764 4508 qui
1808 4437 1960 4490 ante
2001 4448 2294 4508 guerram
2338 4428 2581 4489 Cesalie
2625 4434 2936 4489 venerant
2977 4429 3044 4487 in
3100 4428 3337 4506 oppido
3377 4428 3598 4490 Sancti

1139 4526 1521 4601 Geminiani,
1585 4526 1916 4605 [arbitror]
1947 4528 2014 4601 ²),
2088 4527 2260 4603 quod
2325 4527 2587 4587 inantea
2647 4525 2888 4611 nullam
2961 4525 3437 4603 requisitionem
3506 4525 3598 4586 fa·

1286 4735 1327 4795 ¹)
1365 4732 1488 4782 Den
1526 4734 1729 4783 Leuten
1768 4746 1871 4782 von
1908 4732 2154 4782 Mar-turi
2194 4733 2366 4791 (heuto
2405 4731 2773 4795 Poqqibonsi).
2925 4733 2967 4795 ²)
3009 4731 3176 4782 Fam.
