4000 5700
1150 515 1258 567 288
1793 513 2239 568 REGESTUM
2279 512 2968 569 VOLATERRANUM

1150 718 1304 779 dum
1335 719 1379 794 ¹)
1422 722 1781 782 confirmat.
1877 719 2090 781 «cum
2131 737 2172 778 a
2214 717 2400 780 nobis
2420 738 2466 777 ι».
2590 718 2745 779 Dat.
2794 718 2997 779 Rome
3037 720 3213 797 apud
3252 739 3300 781 s.
3344 720 3605 784 Petrum

1155 816 1243 877 VI
1289 815 1371 877 id.
1413 816 1560 889 feb„
1605 824 1785 897 pont.
1832 817 1886 878 Ι.

1478 914 1637 977 Vozt.
1672 914 1910 976 AVeac.
1941 934 1991 976 ε.
2025 913 2214 976 XIII
2241 915 2367 976 ἀοι.
2392 913 2433 975 8
2456 932 2521 974 ιι.
2550 911 2816 990 76ονίρ.
2843 914 3055 989 (Bulle
3082 916 3400 995 valeret).
3430 916 3610 978 Liber

1469 1011 1705 1072 iuriam
1746 1011 1788 1072 2
1827 1012 1929 1072 cit.

1151 1199 1286 1260 853.
2760 1199 2941 1271 Rom,
2984 1199 3066 1261 25
3110 1199 3386 1262 februar
3422 1201 3602 1262 1278.

1269 1295 1668 1358 Nicolaus
1695 1297 1826 1358 111
1854 1299 2115 1358 comuni
2141 1294 2321 1360 Vult.
2383 1297 2543 1360 Cum
2573 1305 2719 1360 orta
2744 1299 2916 1360 inter
2940 1317 3051 1359 eos
3076 1303 3156 1377 et,
3179 1299 3603 1375 (Rainerium)

1148 1414 1247 1473 ep.
1293 1393 1467 1455 Vult.
1510 1393 1836 1456 discordia
1871 1395 1940 1456 in
1981 1394 2383 1474 Raynerium
2425 1395 2532 1473 qd.
2582 1395 2964 1467 Rustichini,
3020 1388 3453 1457 Bonacursum
3494 1396 3601 1475 qd.

1145 1490 1475 1570 Rugerini,
1505 1489 1895 1552 Saracenum
1923 1490 2161 1552 Scuodi
2188 1496 2361 1552 cives
2388 1490 2567 1552 Vult.
2591 1492 3165 1571 compromiserint,
3189 1511 3358 1571 papa
3385 1511 3605 1553 eorum

1148 1586 1487 1649 arbitrium
1517 1589 1559 1664 ¹)
1603 1588 1968 1650 confirmat.
2052 1609 2081 1648 αι
2110 1589 2269 1650 Cum
2311 1608 2353 1649 a
2393 1587 2578 1650 nobis
2599 1609 2646 1649 ο.
2731 1587 2885 1650 Dat.
2936 1588 3138 1649 Rome
3179 1589 3358 1667 apud
3397 1608 3444 1648 S.
3487 1589 3603 1649 Pe·

1148 1693 1324 1746 trum
1367 1685 1424 1746 V
1465 1684 1590 1746 kal.
1637 1694 1846 1755 mart„
1891 1693 2073 1764 pont.
2120 1686 2172 1747 Ι.

1465 1783 1726 1845 floren-z
1766 1782 1919 1844 Ast.
1965 1782 2154 1859 (Voce.
2200 1803 2263 1843 π.
2310 1782 2495 1861 1059)
2536 1782 2707 1859 On‘q.
2770 1781 2985 1859 (Bulle
3023 1784 3308 1856 verloren,
3352 1783 3601 1846 Seiden-

1464 1882 1737 1956 soluitur).

1148 2071 1283 2129 854.
2854 2067 3033 2142 Rom,
3078 2069 3156 2129 11
3198 2068 3383 2131 Μᾶνε
3422 2069 3599 2131 1278.

1265 2166 1326 2227 N
1343 2165 1664 2227 icolaus
1694 2164 1826 2227 III
1855 2167 2183 2246 preposito
2200 2166 2248 2242 ²)
2280 2167 2593 2237 Pratensi‚
2626 2163 2965 2245 plebano⁸)
2994 2166 3203 2228 Castri
3228 2166 3601 2239 Florentini,

1145 2263 1459 2326 Panionio
1498 2282 1637 2324 can.
1682 2263 1884 2343 plebis
1927 2262 2010 2325 de
2053 2263 2225 2325 Colle
2267 2261 2450 2325 vallis
2492 2264 2662 2336 Else,
2708 2265 2958 2336 Pistor„
3004 2264 3192 2338 Flor.,
3223 2264 3395 2325 Vult.
3440 2266 3602 2326 dioc.

1144 2362 1425 2424 Nuntiat
1465 2369 1878 2442 potestatem,
1923 2362 2281 2436 consilium,
2327 2382 2597 2426 comune
2640 2363 2865 2426 Sancti
2904 2364 3263 2426 Geminiani
3294 2365 3605 2443 petitione

1145 2466 1554 2533 monstrasse,
1619 2461 1816 2539 quod,
1885 2480 2036 2522 eum
2109 2460 2500 2538 (Rainerius)
2559 2460 2732 2522 Vult.
2797 2482 2915 2541 ep„
2981 2461 3363 2541 confingens,
3428 2462 3603 2540 quod

1144 2557 1266 2635 ipsi
1308 2564 1594 2619 castrum
1636 2558 1941 2638 Ulignani
1982 2563 2051 2619 et
2091 2577 2419 2619 cassatum
2461 2556 2870 2620 Gambassini
2919 2557 3350 2620 destruxerint
3391 2565 3461 2619 et
3498 2577 3602 2617 ea-

1141 2663 1349 2716 strum
1392 2655 1732 2718 Gambassi
1772 2655 2112 2718 detineant
2165 2661 2234 2717 et
2288 2655 2577 2717 homines
2634 2656 2715 2716 de
2769 2655 2994 2717 Castro
3039 2654 3257 2717 Veteri
3298 2654 3600 2735 aliosque,

1142 2755 1487 2832 quominus
1527 2753 1784 2815 fodrum
1824 2754 2126 2833 episcopo
2167 2754 2536 2826 exhibeant,
2570 2753 2972 2833 impedirent,
3004 2755 3094 2814 eis
3120 2752 3256 2815 sine
3283 2773 3472 2815 cause
3498 2773 3603 2814 co·

1141 2854 1427 2932 gnitione
1471 2852 1829 2924 mandavit,
1875 2863 1949 2915 ut
1988 2854 2110 2916 sibi
2155 2854 2235 2915 de
2274 2853 2577 2932 dampnis
2604 2852 3051 2916 satisfacerent
3062 2856 3144 2915 ‘et
3171 2860 3381 2916 castra
3408 2851 3601 2914 Gam-

1142 2949 1312 3011 bassi
1352 2955 1421 3010 et
1461 2947 1762 3032 Ulignani
1805 2952 2240 3023 restituerent,
2285 2951 2573 3031 alioquin
2612 2971 2720 3013 eos
2762 2950 3365 3013 excommunicabat
3405 2958 3473 3012 et
3498 2971 3600 3011 ca-

1140 3054 1346 3108 strum
1369 3049 1712 3127 supposuit
1737 3048 2122 3109 interdictiO.
2148 3050 2248 3109 Ex
2279 3056 2462 3127 parte
2490 3049 2779 3110 comunis
2807 3048 2935 3109 fuit
2965 3048 3381 3127 prepositum,
3404 3047 3599 3126 quod,

1140 3165 1288 3207 cum
1331 3146 1629 3225 episcopo
1670 3147 1752 3207 de
1793 3146 1983 3208 dictis
2024 3181 2105 3189 —
2146 3164 2271 3223 que
2331 3166 2484 3208 vera
2534 3165 2667 3207 non
2722 3153 2908 3207 erant
2944 3181 3028 3190 —
3068 3165 3196 3206 non
3254 3153 3600 3217 constaret,

1140 3247 1370 3304 contra
1408 3242 1599 3321 ipsos,
1644 3243 1759 3321 qui
1796 3261 1987 3322 super
2030 3242 2151 3303 hoc
2192 3243 2427 3304 iudicio
2470 3250 2643 3304 stare
2684 3245 2893 3322 parati
2937 3248 3143 3316 erant,
3187 3243 3270 3303 de
3311 3244 3445 3302 iure
3471 3262 3602 3303 non

1139 3345 1398 3419 poterat
1439 3340 1658 3402 taliter
1696 3342 2089 3419 processisse,
2135 3340 2478 3419 petierunt,
2519 3348 2596 3401 ut
2638 3360 3006 3420 processum
3048 3347 3394 3408 revocaret,
3426 3340 3601 3418 quod

1141 3438 1297 3516 quia
1328 3457 1433 3516 ep.
1476 3457 1608 3499 non
1650 3437 1824 3509 fecit,
1871 3441 1950 3499 ad
1994 3439 2212 3499 sedem
2256 3458 2359 3517 ap.
2391 3438 2818 3518 appellarunt.
2851 3437 3144 3509 Mandat,
3174 3433 3480 3515 quatinus
3507 3439 3598 3496 iu-

1140 3539 1314 3595 stum
1355 3534 1721 3597 decernant.
1768 3536 2013 3609 Quodsi
2039 3556 2167 3597 non
2200 3554 2439 3608 omnes,
2470 3535 2601 3597 duo
2631 3543 3050 3616 exequantur.
3135 3556 3164 3595 a
3191 3536 3326 3596 Sua
3349 3533 3533 3597 nobis
3553 3554 3600 3594 ο.

1142 3630 1296 3693 Dat.
1339 3631 1546 3694 Rome
1586 3632 1765 3710 apud
1804 3653 1857 3695 s.
1901 3633 2166 3695 Petrum
2211 3633 2268 3694 V
2312 3634 2394 3695 id.
2439 3641 2656 3702 mart..
2702 3641 2883 3712 pont.
2929 3632 2979 3694 Ι.

1462 3730 1666 3794 Ιηεονί
1706 3733 1780 3794 in
1818 3752 1880 3793 n.
1926 3731 2067 3793 857.
2111 3731 2245 3793 San
2303 3732 2685 3809 Gimiynano
2728 3732 2960 3794 AOom.
3005 3731 3189 3793 Liber
3226 3728 3483 3791 blancus
3524 3731 3605 3790 75

1459 3827 1611 3907 Gop.
1676 3849 1727 3889 8.
1769 3828 1960 3889 XIII
2003 3849 2092 3891 ex.
2196 3828 2348 3906 Req.
2412 3828 2777 3891 Davidsolm
2840 3828 3280 3906 Forsokunqen
3343 3827 3420 3887 Il
3480 3827 3604 3888 229

1461 3945 1524 3987 n.
1554 3926 1716 3987 1712
1739 3929 1788 4004 ⁴)
1829 3927 1944 3987 mit
1982 3926 2284 4005 salechem
2325 3926 2490 3988 Jahr
2531 3927 2693 3989 1288
2735 3928 2858 4003 (als
2898 3926 3205 3987 Nicolaus
3243 3925 3283 3985 I
3291 3925 3398 4001 V).·
3438 3924 3605 3986 eiehe

1460 4024 1718 4085 daselbst
1758 4023 1877 4086 211
1919 4044 1981 4087 π.
2027 4024 2190 4086 1657
2231 4023 2366 4087 und
2405 4024 2568 4087 1560
2606 4026 2650 4102 Ι.
2696 4025 2829 4086 und
2869 4026 3086 4085 Pacori
3127 4023 3248 4084 105
3288 4024 3319 4101 ξ
3361 4023 3457 4084 40.

1290 4248 1330 4313 ¹)
1367 4250 1525 4301 Siata
1559 4249 1690 4301 oben
1725 4265 1779 4300 n.
1820 4251 1923 4300 837
1961 4251 2077 4301 und
2114 4251 2379 4301 «Bistam
2415 4252 2530 4301 und
2567 4250 2988 4311 Gddwirtechaft
3015 4266 3039 4300 t
3067 4249 3136 4298 II
3164 4251 3283 4300 310.
3429 4252 3473 4313 ¹)
3508 4249 3601 4299 Al-

1140 4354 1356 4405 eamp03
1394 4339 1535 4389 siche
1572 4338 1702 4388 oben
1738 4354 1800 4389 n:
1834 4340 1936 4390 823
1975 4340 2092 4391 und
2129 4341 2250 4391 835.
2432 4339 2479 4404 ³)
2516 4339 2817 4390 Ranuccio.
3002 4338 3046 4401 ⁴)
3082 4339 3173 4389 Da
3209 4339 3308 4389 das
3344 4355 3450 4390 aue
3484 4341 3604 4391 dm

1141 4427 1298 4477 Liber
1321 4426 1546 4477 blancus
1571 4427 1872 4491 qeechdplte
1908 4428 2101 4492 Reque
2137 4428 2484 4479 Davideehm
2520 4435 2679 4479 etwas
2702 4427 3062 4479 summai-isch
3088 4427 3174 4485 iet.
3201 4428 3289 4478 dis
3319 4428 3371 4479 U
3373 4428 3593 4484 rkunde.

1138 4514 1332 4577 ricmiq
1372 4515 1676 4578 emyco-eim,
1716 4515 1841 4566 aba·
1873 4515 1973 4577 fiir
2009 4517 2099 4567 die
2140 4516 2475 4567 Voles-mm·
2512 4516 2814 4567 Genesium
2834 4515 3008 4566 dieser
3025 4514 3199 4566 Jahn
3222 4530 3441 4580 mm
3464 4515 3603 4566 Woet

1141 4603 1583 4666 baim,9laubte
1637 4604 1726 4654 ioh
1779 4610 1938 4655 mous
1991 4605 2394 4667 anafilhi-licha·
2446 4606 2567 4655 sein
2620 4621 2689 4655 zu
2745 4604 3052 4662 collemalo
3107 4604 3288 4656 ichen
3335 4604 3605 4655 canabei

1138 4694 1302 4743 sehon
1338 4708 1442 4742 von
1477 4695 1795 4745 David-solon
1829 4696 2185 4759 raythu-ierem
2219 4695 2460 4747 stachen
2494 4695 2607 4746 bin.
