4000 5700
1001 557 1319 612 REGEST
1329 559 1443 613 ΠΜ
1483 560 2170 615 VOLATERRANUM
2709 563 2815 615 307

360 753 603 813 vatoris
645 753 725 813 de
766 753 1157 816 Camaldulis
1213 755 1295 815 de
1350 754 1692 829 Florentia,
1737 756 1848 833 qui
1902 756 2093 834 elegit
2135 757 2487 818 Accursum
2542 758 2815 836 priorem

360 869 529 911 mon.
573 869 621 910 s.
666 850 1042 931 Petrignani
1081 851 1164 912 de
1206 840 1616 913 Faracciano.
1700 853 1846 912 Act.
1892 854 1960 913 in
2001 873 2150 914 coro
2202 854 2347 914 eccl.
2392 874 2441 914 s,
2486 855 2820 917 Benedicti

360 947 519 1008 dicti
560 968 727 1009 mon.
813 948 1163 1010 Caruccino
1207 950 1533 1028 preposito
1561 950 1896 1011 Casulano.
1926 952 2216 1030 Ardingo
2246 953 2454 1013 iudice
2482 952 2592 1030 qd.
2627 952 2816 1015 Gulli.

360 1045 554 1106 Nerio
581 1045 663 1106 (10
690 1045 1170 1108 Citinavecchia
1195 1049 1238 1124 ¹)
1267 1055 1336 1108 et
1363 1046 1798 1109 Ubertinuczo
1825 1048 1906 1108 de
1932 1047 2269 1110 Ubertinis
2293 1049 2339 1109 f.
2368 1050 2711 1111 Guillielmi
2738 1057 2815 1111 tt.

363 1144 684 1205 Iohannes
726 1143 831 1223 qd.
875 1144 1070 1207 Iunte
1111 1145 1192 1205 de
1234 1144 1409 1205 Vult.
1453 1150 1586 1206 not.

691 1242 850 1304 Volt.
899 1242 1137 1305 AVesc.
1170 1263 1220 1303 8.
1253 1242 1443 1303 XIII
1471 1243 1592 1304 dec.
1639 1244 1679 1304 9
1703 1264 1769 1305 n.
1801 1244 1881 1305 23
1909 1244 2083 1321 Oriy.
2114 1245 2296 1306 Liber
2323 1247 2565 1308 iurium
2592 1247 2690 1307 10·
2716 1249 2818 1309 cit.

367 1439 500 1497 912.
1790 1439 2082 1511 Volterra,
2126 1441 2208 1501 23
2246 1441 2599 1519 September
2638 1442 2818 1503 1284.

483 1533 1069 1604 MOCLXXXIIII,
1101 1535 1233 1594 ind
1267 1534 1458 1605 XIII,
1497 1535 1600 1594 die
1644 1534 1884 1596 XXIII
1927 1542 2087 1614 sept.
2174 1537 2557 1599 Carrucinus
2597 1558 2819 1618 prepo-

364 1634 527 1692 situs
566 1630 926 1692 Casulensis
977 1639 1043 1691 et
1089 1632 1310 1693 Pie-rus
1365 1632 1718 1693 monachus
1771 1653 1818 1693 e.
1861 1633 2031 1694 Iusti
2087 1654 2234 1695 cum
2291 1634 2572 1697 Aecurso
2627 1638 2823 1715 priori

366 1750 533 1791 mon.
578 1749 625 1789 s.
675 1730 1040 1807 Petrignani
1082 1730 1342 1791 decreta
1380 1750 1489 1791 sue
1532 1730 1857 1792 electionis
1896 1731 2078 1793 facta
2114 1752 2229 1811 per
2260 1752 2486 1794 manus
2517 1734 2824 1795 Iohannis

364 1837 495 1889 not.
541 1833 608 1888 et
648 1826 845 1888 Bindi
886 1827 928 1888 f.
977 1827 1216 1889 Posche
1246 1828 1577 1890 familiaris
1604 1848 1699 1908 ep.
1722 1835 2187 1908 presentarent,
2219 1833 2466 1910 accepit
2495 1839 2563 1892 et
2589 1833 2652 1891 in
2682 1852 2820 1911 pre-

365 1927 574 1988 sentia
612 1924 936 1987 Carrucini
979 1932 1047 1986 et
1089 1926 1296 2004 Artigi
1337 1925 1613 1997 abbatis„
1658 1928 1771 2003 qui
1811 1928 1896 1989 ad
1936 1926 2057 1988 hoc
2112 1926 2384 2006 speciale
2440 1929 2822 1989 mandatum

367 2024 566 2085 habet
606 2044 646 2083 a
688 2022 1051 2084 Gerardo
1080 2025 1288 2102 priore
1328 2023 1800 2085 camaldulensi
1827 2029 1895 2085 et
1923 2027 2127 2085 totius
2156 2024 2288 2086 ord.
2320 2025 2495 2087 Cam.
2528 2025 2822 2105 generali,

367 2123 595 2182 datum
637 2120 840 2181 Aretii
885 2120 1057 2180 XIII
1104 2121 1225 2180 kal.
1271 2128 1429 2199 sept.
1457 2121 1526 2196 ³),
1570 2123 1761 2200 petiit
1802 2120 1886 2181 ab
1926 2122 2033 2193 eis,
2064 2128 2141 2182 ut
2170 2122 2603 2196 confirmetur3
2649 2123 2823 2201 quod

366 2218 658 2279 fecerunt
699 2224 924 2277 euntes
966 2218 1048 2277 de
1088 2217 1372 2295 capitulo
1416 2236 1587 2278 mon.
1631 2237 1678 2278 s.
1723 2217 1908 2289 Iusti,
1956 2217 2066 2278 ubi
2109 2238 2182 2277 ea
2212 2217 2389 2279 facta
2417 2223 2589 2291 sunt,
2622 2220 2688 2280 in
2723 2238 2825 2279 co·

367 2336 525 2377 rum.
611 2315 753 2376 Act.
797 2318 861 2375 in
906 2315 1300 2394 appendiciis
1343 2316 1629 2376 civitatis
1671 2315 1845 2376 Vult.
1891 2316 2068 2396 apud
2111 2336 2279 2378 mon.
2310 2336 2357 2377 s.
2389 2316 2556 2377 Iusti
2582 2318 2651 2379 in
2678 2335 2825 2378 coro

369 2424 434 2475 et
474 2415 773 2493 capitulo.
863 2414 1120 2474 Matheo
1162 2420 1297 2474 not.
1344 2415 1449 2493 qd.
1497 2413 1780 2474 Danielis
1823 2422 1889 2474 et
1932 2414 2157 2475 Gratia
2188 2415 2289 2495 qd.
2323 2415 2516 2476 Iunte
2560 2421 2637 2476 tt.
2722 2415 2822 2475 Io-

369 2512 611 2573 hannes
652 2513 758 2591 qd.
804 2512 998 2573 Iunte
1037 2512 1118 2572 de
1158 2510 1333 2572 Vult.
1376 2517 1513 2572 not.

697 2610 856 2671 Volt.
906 2610 1145 2669 AVe-sc.
1202 2628 1254 2669 8.
1298 2607 1488 2669 XIII
1529 2609 1652 2670 dec.
1698 2609 1738 2669 9
1791 2629 1855 2669 n.
1899 2609 1979 2670 23
2004 2609 2050 2686 ⁸)
2115 2609 2288 2687 Oriq.
2347 2609 2532 2671 Liber
2586 2611 2825 2671 {urium

689 2708 772 2767 10
810 2708 911 2767 cit.

372 2907 492 2965 913
1422 2901 1887 2974 CastelvecchiO,
1930 2903 2013 2963 16
2052 2902 2186 2964 und
2226 2904 2307 2964 17
2351 2902 2608 2964 Okiober
2646 2904 2825 2965 1284.

492 3000 1082 3073 MOCLXXXHII,
1115 3001 1243 3061 ind.
1277 3000 1432 3072 XII,
1463 3007 1587 3061 oct.
1613 3000 1789 3062 XVI.
1863 3000 2024 3062 Cum
2053 2991 2501 3064 Rainerius
2528 3021 2625 3081 ep.
2650 3001 2824 3064 Vult.

371 3103 660 3163 homines
701 3100 781 3160 de
822 3099 1325 3174 Castroveteri⁴)
1369 3098 1541 3158 curie
1581 3096 1803 3158 Sancti
1846 3097 2207 3159 Geminiani
2246 3099 2425 3160 Vult.
2482 3100 2668 3171 dioc„
2719 3100 2825 3161 de·

372 3205 656 3259 tentores
697 3196 919 3267 foderi‚
964 3197 1582 3256 excommunicasset
1621 3194 1962 3273 locumque
1996 3196 2341 3257 interdicto
2369 3195 2825 3274 subposuisset,

373 3296 761 3375 Righectum
790 3292 895 3372 qd.
941 3292 1410 3355 Aldobrandini
1435 3298 1509 3353 et
1536 3292 1782 3353 Minum
1814 3293 1916 3372 qd.
1949 3293 2270 3371 Ricuperi,
2311 3293 2602 3354 volentes
2634 3294 2832 3355 saluti

373 3395 734 3454 animarum
796 3389 1131 3468 providere
1194 3396 1262 3450 et
1322 3389 1597 3462 fodrum,
1661 3390 1905 3451 scilicet
1965 3390 2195 3451 XXVI
2256 3391 2407 3451 den.
2473 3410 2590 3471 pro
2651 3391 2826 3452 focu-

371 3492 505 3553 lari.
550 3490 922 3569 persolvere‚
970 3487 1217 3548 Bindus
1259 3488 1432 3567 prior
1470 3489 1779 3549 canonice
1825 3490 2023 3548 castri
2076 3489 2336 3549 licentia
2388 3508 2484 3566 ep.
2529 3487 2825 3550 absolvit.

375 3588 572 3651 XVII
615 3594 736 3649 oct.
825 3586 1120 3647 Bucellus
1163 3586 1269 3662 qd.
1315 3584 1635 3664 Ricuperi,
1692 3585 2067 3648 Albertesca
2123 3606 2288 3647 uxor
2341 3587 2452 3664 qd.
2519 3585 2830 3648 Ormanni

374 3692 441 3748 et
486 3685 694 3745 Denni
734 3684 842 3761 qd.
874 3682 1203 3743 Dietavivi
1235 3681 1674 3743 absolvuntur.
1761 3681 1906 3742 Act.
1935 3683 2004 3741 in
2032 3682 2498 3744 Castrovetero.
2578 3682 2829 3744 Branca

373 3804 509 3846 can.
552 3783 634 3844 de
676 3782 945 3845 Cellulis.
990 3779 1296 3860 Riguccio
1337 3786 1405 3840 et
1445 3778 1713 3842 Aiutino
1755 3779 1858 3858 qd.
1903 3778 2168 3841 Ranerii
2194 3782 2275 3842 (10
2301 3779 2607 3842 Senzano.
2637 3780 2830 3841 Nerio

375 3882 480 3962 qd.
525 3879 850 3941 Gherardi.
936 3878 1092 3937 Tuti
1132 3882 1266 3936 not.

703 3977 863 4039 Volt.
909 3977 1151 4038 AVesc.
1194 3994 1241 4035 s.
1288 3973 1476 4035 XIII
1518 3974 1638 4036 dec.
1671 3975 1711 4035 9
1739 3996 1797 4035 n.
1828 3975 1909 4035 25
1936 3974 2109 4052 Oriq.
2140 3974 2324 4036 Liber
2351 3977 2594 4035 iurium
2619 3975 2698 4036 11
2726 3976 2826 4036 cit.

379 4177 513 4236 914.
1212 4171 1424 4240 Siena,
1467 4169 1550 4231 26
1589 4170 1722 4231 und
1761 4170 1843 4231 30
1882 4169 2157 4243 Oktoler,
2186 4170 2228 4230 3
2267 4168 2611 4231 November
2650 4170 2830 4241 1284,

497 4268 1085 4339 MOCLXXXIIII,
1117 4267 1245 4328 ind.
1295 4266 1484 4339 XIII,
1513 4266 1643 4328 VII
1673 4266 1794 4328 kal.
1838 4285 1986 4329 nov.
2072 4266 2446 4348 Angelerius
2481 4267 2590 4346 qd.
2622 4266 2827 4345 Ange-

523 4506 566 4571 ¹)
604 4504 677 4554 So
713 4505 813 4554 das
852 4504 999 4567 Oriq.
1148 4503 1191 4564 ²³)
1233 4505 1301 4553 :30
1337 4503 1554 4565 Auqmt
1597 4504 1749 4553 1:284.
1897 4501 1942 4567 ³)
1989 4501 2105 4551 Wie
2142 4517 2194 4550 n.
2237 4501 2357 4551 911.
2483 4500 2528 4565 ⁴)
2568 4501 2679 4550 Der
2711 4501 2833 4562 jdzt

377 4594 667 4644 verlaseene
723 4592 834 4651 Ort,
890 4591 1080 4640 deuon
1129 4591 1351 4639 Ruinen
1404 4590 1483 4639 im
1545 4589 1728 4640 Walde
1784 4589 2032 4639 ver-'lecke
2080 4590 2208 4639 &ind
2246 4589 2401 4654 (oben
2439 4605 2492 4640 n.
2538 4589 2683 4654 711),
2722 4605 2833 4639 war

376 4684 509 4733 noch
545 4683 628 4732 bie
663 4683 754 4732 ins
791 4681 937 4730 XIV
976 4680 1346 4730 Jahn-hunam
1384 4679 1644 4736 bewohnt‚·
1670 4696 1773 4728 aus
1810 4680 1981 4729 dieser
2005 4679 2124 4728 Zeia
2159 4685 2377 4728 stammt
2413 4678 2514 4727 dae
2541 4678 2733 4728 Freoco
2771 4680 2834 4730 in

377 4774 467 4823 der
502 4772 676 4834 Apoie
711 4771 804 4821 der
844 4770 1062 4828 Kirche,
1101 4785 1202 4818 von
1239 4770 1358 4817 dem
1394 4769 1544 4818 luente
1583 4770 1716 4819 noch
1752 4772 1985 4831 ᾳνόεεονε
2031 4757 2301 4817 Uber-rem
2338 4766 2649 4817 vor-handen
2689 4767 2830 4818 sind.
