4000 5700
1020 537 1464 592 REGESTUM
1502 536 2187 591 VOLATERRANUM
2723 536 2832 590 223·

369 756 451 797 ex
480 754 611 797 una
637 740 823 814 parte
851 740 919 795 et
944 732 1277 796 Ubaldum
1303 740 1372 795 et
1398 732 1710 796 Iacobum
1739 733 1821 794 de
1847 733 2037 794 Tutri
2063 740 2132 793 et
2157 738 2483 793 consortes
2505 737 2572 792 et
2594 732 2832 792 Bonin-

371 839 672 896 cuntrum
714 834 1035 895 sindicum
1076 833 1367 911 magistri
1410 833 1729 895 Leonardi
1756 837 1824 894 et
1856 831 2077 894 Iacobi
2106 831 2312 892 Guelfl
2341 830 2422 892 de
2449 831 2690 893 Sancto
2716 831 2832 891 Mi-

368 934 553 993 niato
579 951 658 995 ex
687 931 892 992 altera
917 930 1196 1009 plebano
1237 950 1285 991 s.
1332 930 1565 1008 Reguli
1606 930 1778 991 Vult.
1806 931 1853 1006 1)
1895 929 2079 1003 dioc.,
2125 929 2471 990 diffinitiva
2512 929 2835 988 sententia

369 1028 492 1089 sibi
518 1035 861 1089 reservata.
948 1028 1089 1088 Act.
1135 1027 1395 1088 ibidem.
1482 1025 1759 1105 Ugolino
1800 1027 1912 1105 qd.
1956 1027 2158 1087 Guizi.
2205 1025 2469 1086 Fiducio
2511 1024 2830 1086 Rsinaldi.

372 1127 612 1187 Amato
639 1124 1023 1185 Marchiselli
1048 1124 1129 1184 de
1157 1144 1203 1184 s.
1236 1124 1429 1184 Petro
1456 1125 1523 1184 in
1552 1123 1715 1185 Seve
1757 1130 1835 1184 tt.
1922 1123 2368 1185 Thomasinus.
2455 1121 2525 1182 Π
2567 1123 2692 1183 ian.
2734 1141 2838 1182 ex.

372 1222 669 1284 Ubsldus
693 1225 1036 1301 inquisitor
1065 1220 1322 1283 Ubaldo
1350 1241 1466 1300 pro
1494 1242 1578 1295 se,
1613 1221 1964 1294 Gaulum-io,
1996 1221 2256 1294 Iacob0,
2296 1221 2730 1299 Engerammo
2755 1222 2837 1281 de

370 1322 578 1393 Turri,
634 1340 910 1400 quorum
966 1320 1247 1381 sindicus
1301 1325 1420 1393 est,
1464 1326 1532 1381 et
1576 1321 2019 1381 Bonincontro
2060 1320 2167 1398 qd.
2212 1320 2531 1382 Francisci
2589 1317 2835 1379 sindico

372 1420 662 1497 magistri
704 1418 1018 1479 leonardi
1061 1424 1130 1479 et
1171 1417 1393 1479 Iacobi
1434 1417 1640 1479 Guelfi
1696 1418 1777 1477 de
1833 1425 2047 1478 castro
2100 1416 2324 1478 Sancti
2365 1416 2728 1479 Geminiani
2768 1421 2836 1477 et

373 1516 649 1578 Iohanni
690 1515 968 1594 plebano
1006 1515 1089 1577 de
1130 1515 1609 1594 Ripamaranza
1647 1515 1894 1576 sindico
1937 1514 2394 1593 (Rsinerii)
2437 1513 2624 1575 electi
2660 1514 2834 1575 Vult.

372 1615 458 1674 ad
499 1614 905 1676 concordiam
947 1616 1298 1675 terminum
1326 1613 1413 1674 ad
1444 1615 1806 1692 proximum
1847 1632 2131 1674 mensem
2180 1612 2581 1692 prorogavit;
2626 1613 2836 1674 sinon

373 1717 541 1772 esset
566 1711 744 1773 facta
770 1713 836 1771 in
866 1706 1233 1783 human„
1267 1710 1550 1771 debeant
1576 1729 1791 1770 coram
1822 1708 2101 1788 plebano
2122 1729 2170 1771 s.
2196 1708 2427 1788 Reguli
2450 1728 2834 1787 comparere.

374 1810 515 1871 Act.
560 1808 819 1871 ibidem.
912 1810 1357 1870 Bonincuntro
1400 1809 1503 1888 qd.
1548 1808 1888 1870 Francisci'.
1945 1807 2224 1887 Ugolino
2264 1807 2505 1869 Iudicis
2545 1807 2627 1867 dc
2669 1809 2833 1870 Flor.

374 1908 575 1968 Tucio
616 1907 722 1986 qd.
768 1908 994 1968 Bonizi
1033 1906 1116 1967 de
1157 1906 1320 1967 Flor.
1365 1912 1444 1967 tt.
1528 1905 1976 1967 Thomasinus.

705 2003 861 2066 Volt.
908 2004 1151 2066 AVecc.
1192 2023 1245 2064 s.
1288 2003 1480 2064 XIII
1521 2002 1643 2065 dec.
1687 2004 1727 2065 6
1765 2024 1832 2066 π.
1877 2003 1958 2065 57
1998 2003 2173 2081 Θήρ.

375 2212 515 2272 678.
1939 2210 2166 2282 Lacca,
2209 2210 2293 2272 25
2331 2211 2611 2272 februar
2650 2210 2833 2271 1257.

497 2307 815 2368 Henrieus
856 2308 1153 2369 Lucanus
1195 2327 1292 2386 ep.
1335 2308 1530 2369 iudex
1572 2307 1906 2388 delegatus
1948 2328 2115 2388 pape
2140 2310 2186 2384 ²⁸)
2220 2308 2582 2385 (Nicholao)
2613 2308 2839 2369 abbati

377 2426 423 2467 s.
470 2406 639 2467 Iusti
682 2405 855 2467 Vult.
938 2406 1102 2467 Cum
1145 2406 1555 2466 Ranerius
1596 2405 1839 2467 electus
1878 2404 2055 2468 Vult.
2099 2426 2139 2467 a
2181 2405 2367 2468 nobis
2407 2407 2729 2485 petiverit,
2760 2413 2839 2467 ut

378 2503 698 2564 vendendi
739 2502 821 2563 de
861 2503 1047 2563 bonis
1087 2505 1496 2581 episcopatus
1535 2502 1659 2563 sibi
1687 2503 2015 2565 licentiam
2042 2503 2488 2576 concedamus,
2520 2502 2675 2582 quia
2699 2504 2835 2581 plu·

379 2601 557 2663 ribus
598 2603 898 2680 occupati
923 2601 1257 2662 intendere
1283 2618 1781 2679 nonpossumus
1809 2600 1894 2661 ad
1922 2601 2403 2680 inquisitionem
2430 2620 2549 2662 nec
2577 2606 2840 2681 propter

379 2698 500 2759 loci
528 2696 909 2763 distantiam
938 2697 1273 2758 commode
1300 2716 1416 2775 per
1454 2717 1574 2757 nos
1600 2697 1804 2772 fieret,
1837 2698 2244 2771 mandamus,
2276 2706 2600 2777 quatenus
2624 2698 2706 2759 de
2731 2699 2838 2759 de-

380 2796 664 2858 bitorum
706 2795 1190 2875 quantitatibus
1230 2797 1569 2875 causisque
1596 2803 1664 2857 et
1692 2796 1772 2857 de
1801 2796 2306 2877 possessionibus
2335 2798 2546 2858 minus
2569 2795 2840 2858 utilibus

379 2893 479 2953 vel
524 2893 851 2953 damnosis
878 2894 1026 2954 eccl.
1059 2889 1231 2954 Vult.
1278 2894 1620 2971 inquiratis
1659 2900 1747 2965 et,
1780 2913 1910 2972 que
1936 2894 2333 2967 inveneritis,
2365 2894 2598 2956 litteris
2625 2897 2841 2956 vestro

378 2990 585 3071 sigillo
605 2992 836 3051 clausis
858 2991 1238 3052 rescribatis.
1322 2992 1475 3052 Dat.
1488 2991 1662 3053 Luce
1682 2991 2058 3064 MCCLVII,
2082 2992 2139 3051 V
2160 2991 2285 3053 kal.
2311 2998 2521 3065 mart„
2545 2992 2675 3054 ind.
2694 2992 2836 3053 XV.

699 3089 907 3149 Insert
946 3090 1015 3149 in
1057 3110 1122 3149 n.
1166 3088 1291 3150 679
1332 3089 1570 3164 (littere
1610 3090 1883 3170 sigillate
1925 3090 2133 3171 sigillo
2177 3108 2361 3151 cereo
2386 3089 2694 3170 pendenti
2735 3110 2836 3169 ep.

701 3189 872 3258 Luc„
904 3188 971 3247 iu
999 3207 1129 3267 quo
1155 3193 1297 3248 erat
1322 3207 1561 3268 ymago
1590 3208 1688 3267 ep.
1719 3189 2123 3251 circumdata
2143 3188 2243 3250 his
2265 3190 2485 3251 literis:
2515 3190 2559 3268 †
2578 3188 2640 3250 S.
2665 3189 2840 3250 Hen-

698 3286 812 3346 rici
876 3271 983 3365 eii-i
1055 3285 1341 3359 Lucani;
1403 3292 1843 3365 representate
1867 3334 1881 3349 .
1911 3335 1924 3347 .
1997 3286 2224 3349 abbati
2283 3289 2352 3348 in
2414 3287 2836 3366 Beringnone‚

698 3382 1037 3456 MCCLVI,
1082 3383 1214 3445 ind.
1258 3382 1402 3454 XV,
1448 3383 1540 3444 VI
1584 3403 1733 3444 non.
1781 3391 1971 3446 mart.
1997 3387 2068 3461 ⁸),
2112 3383 2381 3445 Alberto
2435 3383 2713 3465 plebano
2759 3384 2844 3445 de

701 3480 996 3544 Gerfalco
1036 3487 1104 3542 et
1144 3481 1487 3561 Inger-amo
1526 3481 1606 3541 de
1649 3481 1947 3543 Certaldo
1988 3485 2121 3558 tt.).

379 3685 520 3749 679.
962 3686 1100 3748 San
1144 3688 1527 3765 Gimiqnano
1568 3688 1700 3748 und
1752 3688 2051 3763 Volterra,
2095 3690 2137 3750 3
2176 3690 2309 3751 und
2350 3691 2390 3751 4
2431 3689 2618 3751 Μᾶνπ
2658 3690 2837 3751 1257.

501 3786 854 3848 Nicholaus
881 3785 1082 3847 abbas
1110 3807 1157 3847 s.
1189 3787 1356 3847 Iusti
1384 3786 1557 3847 Vult.
1590 3807 1669 3848 ex
1698 3789 2091 3849 auctoritate
2113 3788 2373 3849 Henrici
2394 3807 2492 3867 ep.
2523 3788 2768 3849 Lucani
2791 3792 2838 3866 ⁴)

380 3884 763 3964 inquirimus
803 3902 997 3962 super
1038 3887 1407 3963 quantitate
1447 3884 1811 3947 debitorum
1854 3887 2398 3966 episcopatus
2440 3886 2679 3961 Vult.,
2722 3906 2841 3966 pro

382 3981 619 4062 quibus
657 3982 896 4043 electus
937 3983 1106 4062 petit
1148 3979 1474 4044 licentiam
1522 3982 1838 4044 vendendi
1885 3983 1967 4043 de
2022 3983 2209 4046 bonis
2260 3986 2417 4045 eius.
2462 3983 2840 4045 Invenimus

382 4080 678 4142 debitum
704 4079 1138 4160 quadraginta
1167 4067 1413 4141 milium
1442 4080 1548 4142 lib.
1581 4101 1772 4160 super
1796 4081 2206 4156 Monterium,
2234 4082 2404 4163 quod
2426 4083 2668 4144 electus
2687 4082 2841 4146 dare

382 4177 610 4239 debet:
655 4177 1055 4256 Bentivegne
1083 4178 1187 4257 qd.
1220 4177 1479 4256 Ugolini
1510 4179 1803 4240 Davanzi
1831 4178 1910 4240 de
1939 4179 2104 4240 Flor.
2137 4179 2372 4242 MCCX
2399 4178 2505 4240 lib.
2538 4181 2680 4241 den.
2711 4181 2836 4241 Pis.

384 4274 614 4335 minut.
638 4278 1004 4336 contractas
1032 4293 1151 4353 pro
1176 4273 1575 4354 expediendo
1603 4274 1824 4336 debito
1846 4274 2052 4338 (3ch
2078 4275 2185 4337 lib.
2211 4276 2353 4338 den.
2384 4276 2535 4347 Pis„
2557 4295 2674 4355 pro
2704 4278 2839 4358 qui·

385 4370 506 4433 bus
532 4369 856 4432 debitores
883 4370 1268 4433 detinebant
1295 4372 1605 4452 capellam
1627 4376 2058 4452 episcopatus,
2088 4374 2254 4434 med.
2281 4377 2464 4435 vinee
2485 4379 2552 4434 et
2572 4383 2740 4436 terre
2760 4375 2841 4436 de

528 4561 574 4628 ¹)
611 4560 683 4610 de
718 4561 1058 4612 Montaione.
1242 4563 1288 4628 ¹)
1327 4563 1473 4613 Oben
1508 4578 1562 4613 n.
1604 4565 1722 4614 655.
1905 4563 1948 4629 ³)
1993 4567 2131 4617 1:257
2169 4566 2329 4615 Mdv-z
2367 4569 2415 4617 2.
2600 4565 2643 4630 ⁴)
2681 4566 2840 4617 Sichc

383 4650 521 4701 obm
567 4666 623 4702 n.
666 4653 768 4701 678
808 4651 921 4700 und
960 4651 1090 4701 iiber
1124 4653 1224 4702 dae
1262 4668 1429 4715 qanze
1474 4653 1769 4714 Versahren
1807 4672 1830 4704 α
1854 4655 2075 4703 Bistam
2109 4656 2224 4704 und
2263 4655 2685 4716 Geldwireoelmst
2710 4675 2733 4705 t
2767 4656 2839 4705 II

384 4740 628 4789 300-302.
