4000 5700
1126 507 1232 560 312
1770 501 2220 558 REGESTUM
2257 502 2943 557 VOLATERRANUM

1127 696 1542 761 versita'tibus
1585 701 1815 760 vestris
1856 701 2259 778 quantitates
2300 717 2631 776 expressas
2688 699 3034 778 pecunialis
3088 700 3355 760 subsidii
3396 697 3583 757 fratri

1127 798 1459 876 Stephano
1501 797 1580 857 de
1623 796 1985 858 Mediolano
2026 795 2177 857 Cist.
2222 794 2353 856 ord.
2397 800 2465 855 et
2507 797 2814 873 magistro
2858 797 3184 856 Bernardo
3240 796 3320 855 de
3378 794 3583 856 Pinci-

1128 897 1271 956 linis
1292 895 1374 956 de
1388 894 1624 956 Parma
1645 895 1894 956 nunciis
1916 891 2151 955 nostris
2172 894 2482 971 promissi.
2542 894 2691 954 Dat.
2709 893 2996 973 Neapoli.
3078 892 3583 966 MCCLXXXV,

1128 993 1235 1054 III
1278 995 1429 1065 iun„
1476 992 1648 1053 XIII
1692 991 1821 1052 ind.

1448 1091 1710 1151 Florem
1753 1087 1904 1149 Ast.
1937 1089 2127 1164 (Vola.
2172 1108 2234 1149 π.
2266 1088 2451 1164 1175)
2485 1088 2887 1166 qleichzeitiqe
2916 1088 3388 1165 unbeqlaubiqte
3429 1089 3583 1166 Oop.

1450 1188 1648 1265 (Oriq.
1693 1187 1852 1248 hatte
1893 1186 2040 1247 zwei
2079 1185 2397 1264 luinqende
2447 1185 2902 1264 Wachssieqel).

1129 1484 1269 1543 924.
2337 1476 2766 1551 Radicondoli,
2805 1479 2885 1539 15
2927 1478 3059 1539 und
3109 1482 3179 1539 17
3217 1479 3362 1540 Juli
3403 1480 3577 1541 1285.

1249 1577 1514 1638 Guido
1555 1594 1766 1636 comes
1806 1574 1886 1633 de
1942 1573 2451 1636 Monteforte
2506 1574 2573 1635 in
2612 1574 2843 1636 Tuscia
2885 1595 3096 1637 comes
3139 1577 3459 1654 palatinus
3511 1584 3582 1638 et

1129 1677 1228 1737 vir
1267 1675 1624 1753 Margarete
1667 1680 1819 1732 nate
1857 1673 1963 1750 qd.
2011 1671 2447 1734 Ildebrandini
2505 1672 2716 1732 Rubei
2771 1675 3025 1735 comitis
3080 1675 3356 1751 palatini
3378 1678 3422 1751 ¹)
3464 1695 3579 1753 pro

1125 1793 1193 1834 se
1232 1783 1302 1833 et
1343 1772 1684 1839 comitissa,
1728 1775 1798 1829 et
1839 1768 2206 1830 Gherardus
2260 1769 2364 1847 qd
2413 1769 2727 1831 Guidonis
2782 1769 2863 1830 de
2905 1770 3160 1843 Fosina,
3208 1764 3579 1850 procurator

1125 1867 1414 1931 comunis
1455 1867 1629 1928 Vult.
1674 1867 2104 1927 instrumento
2144 1867 2611 1943 procurationis
2657 1885 2853 1928 manu
2909 1866 3155 1928 Nicolai
3216 1869 3320 1948 qd.
3364 1869 3579 1930 Iacobi

1127 1974 1261 2029 not.
1302 1966 1383 2026 de
1425 1965 1619 2037 Vult„
1666 1963 2169 2036 MCCLXXXV,
2212 1963 2339 2025 ind.
2380 1964 2570 2035 XIII,
2604 1964 2727 2025 XV
2757 1965 2885 2037 iul.,
2914 1967 3488 2044 compromiserunt
3512 1970 3578 2027 in

1126 2071 1521 2145 potestatem
1561 2069 1627 2124 et
1669 2062 1791 2123 XV
1834 2063 2122 2122 comunis
2163 2060 2306 2122 Sen.
2351 2062 2419 2123 in
2460 2061 2736 2122 arbitros
2766 2064 3101 2124 occasione
3130 2064 3578 2128 iurisdictionis

1127 2164 1324 2225 castri
1364 2161 1828 2241 Montisgemoli
1887 2161 2023 2220 sive
2077 2160 2423 2221 salinarum
2480 2163 2615 2221 sive
2671 2164 2920 2222 ratione
2978 2181 3144 2240 aque
3196 2164 3394 2236 silse;
3442 2182 3575 2241 pen.

1126 2264 1346 2324 decem
1390 2261 1566 2323 milia
1608 2279 1796 2321 marc.
1855 2279 1980 2337 arg.
2068 2259 2209 2319 Act.
2270 2259 2694 2320 Radicondoli
2750 2262 2819 2321 in
2873 2261 3069 2321 domo
3122 2260 3344 2341 plebis
3432 2262 3577 2321 Bar·

1131 2358 1455 2419 tholomeo
1496 2355 1790 2418 Seracini.
1837 2354 2169 2432 Ciampolo
2216 2354 2436 2416 Albizi.
2482 2355 2785 2417 Niccolao
2828 2356 2908 2416 de
2949 2357 3231 2435 Ibigazo.
3283 2355 3577 2417 Niccolao

1128 2457 1233 2535 qd.
1279 2454 1650 2534 Ughicionis
1690 2453 1772 2513 de
1813 2452 2009 2513 Senis.
2055 2453 2346 2513 Iohanne
2389 2460 2521 2514 not.
2566 2453 2647 2514 de
2690 2454 3135 2515 Radicondoli.
3180 2454 3465 2533 Ardingo
3490 2457 3576 2515 iu·

1128 2553 1267 2613 dice
1308 2551 1391 2611 de
1431 2549 1604 2612 Vult.
1651 2554 1727 2610 tt.
1831 2549 2025 2609 XVII
2069 2548 2195 2621 iul„
2241 2549 2742 2621 MCCLXXXV,
2788 2551 2915 2611 ind.
2970 2551 3159 2611 XIII.
3248 2551 3573 2612 Benvenu·

1129 2657 1235 2712 tus
1276 2649 1382 2727 qd.
1428 2648 1753 2708 Michaelis
1792 2647 1874 2707 de
1915 2646 2089 2706 Vult.
2136 2656 2276 2708 not.

1448 2755 1709 2815 Florenz
1754 2753 1903 2813 Ast.
1938 2752 2130 2825 (Volt.
2174 2774 2236 2812 n.
2270 2753 2455 2827 1180)
2485 2753 2657 2831 Oriq.

1132 2954 1270 3013 925.
2894 2951 2975 3012 26
3014 2951 3364 3029 September
3403 2951 3577 3012 1285.

1251 3041 1691 3101 Rainerius
1733 3059 1830 3117 ep.
1876 3035 2056 3099 Vult.
2100 3039 2363 3118 prelatis
2405 3047 2473 3099 et
2516 3039 2871 3101 rectoribus
2913 3040 3059 3100 eccl.
3094 3059 3211 3117 per
3252 3042 3579 3101 civitatem

1131 3143 1198 3199 et
1238 3138 1400 3198 dioc.
1446 3135 1616 3196 Vult.
1701 3135 1873 3208 Quia
1910 3135 2203 3196 nonnulli
2242 3136 2450 3196 clerici
2492 3138 2556 3196 in
2600 3144 2864 3197 tonsura
2905 3134 3179 3197 clericali
3234 3142 3304 3196 et
3355 3136 3579 3199 habitu

1129 3254 1259 3295 non
1302 3232 1623 3303 incedunt,
1668 3233 1818 3292 licet
1855 3231 2014 3291 alias
2055 3233 2120 3292 in
2163 3232 2485 3311 aliquibus
2526 3233 2819 3310 partibus
2861 3233 3020 3293 tlioc.
3065 3239 3450 3295 correctores
3490 3235 3580 3294 di-

1131 3331 1494 3402 rexerimusg
1540 3330 1660 3388 sub
1700 3329 2381 3390 excommunicationis
2410 3349 2578 3407 pena
2605 3329 3005 3402 mandamus,
3035 3333 3342 3408 quatinus
3370 3350 3582 3391 coram

1133 3428 1383 3508 populis
1424 3426 1632 3488 tribus
1672 3427 1900 3487 dicbus
1953 3426 2290 3488 dominicis
2347 3435 2495 3505 post
2550 3429 3161 3505 representationem
3219 3429 3582 3507 iniungatiS,

1132 3530 1211 3586 ut
1249 3526 1458 3585 clerici
1498 3525 1580 3584 ad
1625 3525 1913 3585 ordinem
1956 3525 2238 3601 promoti
2283 3526 2347 3583 in
2389 3531 2659 3586 tonsura
2696 3531 2764 3584 et
2820 3525 3047 3585 habitu
3105 3526 3379 3586 clericali
3420 3528 3584 3586 ince-

1132 3623 1317 3692 dant;
1358 3621 1643 3700 alioquin
1685 3621 1840 3683 nulli
1885 3620 2170 3682 clericale
2213 3620 2613 3700 privilegium
2656 3623 3061 3702 suffragetur.
3109 3623 3206 3684 De
3234 3624 3585 3684 monitione

1130 3721 1315 3782 nobis
1357 3719 1550 3779 fidem
1592 3720 1842 3780 faciatis
1892 3740 2005 3798 per
2062 3719 2313 3796 publica
2370 3722 2819 3782 instrumenta.
2906 3720 3407 3788 MCCLXXXV,
3455 3720 3581 3780 ind.

1136 3818 1364 3890 XIIII,
1410 3818 1636 3878 XXVI
1679 3823 1824 3878 sett.

1452 3916 1708 3976 Florenz
1753 3916 1905 3976 Ast.
1953 3917 2141 3993 (Volt.
2187 3916 2347 3977 1285
2392 3916 2453 3975 Χ
2498 3917 2596 3989 14,
2639 3937 2703 3977 n.
2750 3918 2935 3993 1182)
2993 3917 3148 3994 0072.
3194 3937 3304 3977 von
3353 3917 3586 3993 12942)

1452 4015 1573 4090 (die
1615 4016 1805 4074 viellen
1855 4013 2072 4074 Fehler
2111 4016 2258 4075 sind
2298 4016 2387 4074 im
2428 4015 2644 4092 Reqest
2685 4017 3050 4093 verbessert).

1279 4268 1322 4330 ¹)
1367 4257 1505 4316 Uber
1540 4268 1627 4316 die
1667 4267 2087 4316 Persdnlichkeit
2126 4269 2329 4316 Gnidon
2367 4284 2468 4316 von
2508 4269 2771 4328 Montjort
2807 4270 2921 4318 und
2946 4270 3045 4318 das
3080 4269 3587 4329 Ver-wandtechafts-

1135 4358 1422 4407 verhdlmis
1470 4373 1536 4404 zu
1582 4358 1684 4405 den
1731 4356 2164 4405 Aldobrandesca
2210 4373 2313 4406 von
2358 4359 2533 4406 Semta
2586 4358 2766 4415 Piera,
2808 4359 2967 4406 εοειίὀ
3014 4358 3143 4407 iiber
3190 4359 3276 4407 die
3325 4358 3587 4407 zwischcn

1134 4449 1316 4497 diesen
1353 4447 1465 4494 und
1517 4446 1750 4494 Volterra
1787 4446 2021 4507 streitiqe
2061 4447 2209 4506 Bury
2270 4447 2707 4508 Moneeqemmolz‘
2743 4447 2957 4497 siidlich
2995 4448 3086 4496 des
3124 4448 3346 4496 Flu-oses
3383 4447 3588 4497 Cecina

1136 4538 1217 4586 bei
1245 4539 1570 4584 Pomarancc
1596 4535 1735 4583 siche
1773 4535 1904 4583 oben
1941 4551 1992 4582 n.
2036 4537 2136 4584 804
2176 4537 2290 4584 und
2329 4539 2446 4585 805.
2596 4539 2638 4597 ”·)
2679 4536 2780 4585 Ace
2818 4537 2996 4585 Insere
3034 4537 3097 4586 in
3134 4537 3263 4598 Cop.
3306 4552 3407 4584 von
3448 4538 3587 4586 1:391

1135 4625 1414 4674 Dezember
1457 4624 1519 4670 20
1557 4625 1646 4671 des
1687 4625 1714 4671 I
1722 4631 2072 4671 notrumentes
2098 4626 2189 4672 der
2214 4624 2517 4672 Exekzm'on
2542 4626 2705 4674 durch
2736 4626 3016 4674 Martinus
3049 4626 3198 4687 prior
3236 4627 3352 4674 eccl.
3392 4643 3433 4674 s.
3476 4626 3591 4674 An·

1136 4713 1242 4775 yeli
1288 4712 1444 4768 Vult„
1483 4711 1724 4766 Samum
1764 4713 1861 4760 den
1893 4714 1957 4762 14
1986 4713 2205 4760 (Jktober
2229 4716 2380 4765 1285,
