4000 5700
1140 522 1248 577 132
1782 519 2224 574 REGESTUM
2259 518 2948 573 VOLATERRANUM

1137 722 1426 798 potestas
1465 716 2064 777 excommunicatus
2104 713 2251 788 fuit,
2296 714 2586 776 consules
2626 714 2802 776 Vult.
2846 714 3302 776 contradicunt
3354 715 3446 774 eis
3501 732 3602 773 re·

1137 816 1408 877 stituere
1447 813 1688 887 ablata,
1732 819 1995 892 propter
2022 812 2200 892 quod
2226 814 2510 891 ipsorum
2539 813 2679 873 voti
2700 814 2997 874 executio
3017 811 3384 890 impeditur.
3415 811 3601 874 Man·

1137 913 1275 985 dat,
1319 917 1641 992 quatenus
1681 929 1942 972 causam
1985 910 2260 971 audiant
2301 914 2369 970 et-
2396 910 2765 971 terminent.
2849 929 2878 968 (ι
2909 910 3157 973 Barone
3198 910 3279 970 de
3306 929 3354 970 ι.
3441 909 3601 969 Dat.

1136 1010 1442 1072 Laterani
1482 1008 1624 1070 IIII
1664 1027 1817 1071 non.
1860 1027 2017 1086 apr„
2060 1014 2241 1087 pont.
2284 1005 2411 1067 III.

1460 1107 1664 1168 Insert
1704 1107 1775 1167 in
1816 1125 1880 1166 n.
1922 1104 2065 1167 378.

1141 1231 1278 1293 372.
2836 1228 3060 1304 Conco,
3106 1228 3147 1289 8
3187 1228 3377 1307 April
3414 1230 3601 1291 1219.

1259 1327 1719 1402 MCOXVIIII,
1774 1326 1870 1390 VI
1926 1327 2013 1387 id.
2070 1347 2230 1407 apr„
2287 1326 2419 1388 ind.
2477 1325 2627 1387 VII.
2738 1325 3011 1388 Michael
3062 1326 3169 1405 qd.
3229 1326 3476 1388 Corbizi
3518 1328 3604 1388 de

1142 1428 1560 1490 Podiobonizi
1603 1427 1842 1505 recepit
1882 1446 1922 1486 a
1977 1425 2308 1506 Pagano
2364 1425 2541 1487 Vult.
2586 1444 2707 1504 ep.,
2767 1424 3034 1486 Arnolfo
3091 1425 3196 1506 qd.
3241 1424 3602 1501 Ild(ebran-

1141 1528 1303 1602 dini)
1345 1531 1413 1587 et
1454 1525 1794 1588 Guilielmo
1836 1523 2102 1586 Drudeli
2147 1523 2201 1583 L
2240 1522 2347 1584 lib.
2379 1523 2460 1583 de
2488 1523 2749 1603 capitali
2791 1522 2935 1585 den.
2968 1529 3280 1596 veterum,
3317 1542 3451 1601 quo
3476 1522 3603 1583 sibi

1139 1623 1506 1697 tenebatur,
1551 1623 1632 1683 de
1673 1621 1908 1701 quibus
1950 1622 2247 1700 promisit
2288 1641 2398 1682 eos
2438 1640 2570 1683 non
2612 1621 2870 1683 mittere
2912 1620 3033 1682 sub
3061 1640 3229 1700 pena
3263 1627 3330 1681 et
3361 1620 3605 1700 obliga·

1142 1724 1339 1795 tione,
1381 1721 1620 1782 scilicet
1660 1739 1827 1799 pena
1869 1719 2072 1798 dupli,
2115 1720 2268 1799 quia
2309 1720 2607 1799 Paganus
2648 1720 2704 1780 ei
2747 1719 2928 1780 dedit
2981 1738 3220 1798 equum
3275 1737 3464 1781 suum
3504 1721 3606 1781 ni-

1143 1836 1328 1898 grum
1369 1818 1439 1880 in
1478 1819 1729 1897 pignus.
1813 1816 1958 1877 Act.
2004 1836 2043 1876 a
2084 1815 2299 1879 Conea
2341 1822 2494 1878 ante
2533 1816 2792 1877 foveam
2820 1816 3131 1896 Usignoli.
3216 1816 3441 1879 Scotto
3485 1818 3606 1879 Pe·

1143 1916 1280 1976 lati.
1333 1915 1676 1995 Paganello
1731 1914 2056 1976 Guidocti.
2117 1914 2446 1976 Ormanno
2501 1913 2611 1994 qd.
2670 1913 2984 1987 Gannelli,
3042 1914 3183 1976 aliis
3240 1920 3319 1976 tt.
3416 1916 3606 1978 Cam·

1144 2013 1291 2074 bius
1331 2017 1467 2075 not.

1472 2110 1634 2172 Voce.
1665 2111 1906 2173 AVao.
1935 2130 1987 2171 ε.
2019 2109 2170 2171 XII
2195 2110 2320 2171 dec.
2350 2111 2391 2172 2
2419 2130 2484 2173 n.
2513 2110 2596 2172 36
2621 2109 2796 2188 Oriq.

1148 2280 1289 2343 373.
2732 2280 3029 2352 Volterra,
3071 2280 3154 2344 19
3198 2282 3385 2360 April
3422 2281 3612 2343 1219.

1271 2379 1523 2441 Barone
1567 2377 1835 2452 Stefani‚
1881 2377 2208 2458 Galganus
2247 2378 2582 2450 Tancredi,
2630 2378 3071 2441 Bonafidanza
3113 2379 3399 2441 Bainerii
3427 2381 3610 2443 Vult.

1148 2475 1441 2538 consules
1481 2475 1563 2537 de
1605 2494 1913 2537 consensu
1959 2476 2031 2537 II
2071 2494 2336 2536 suorum
2376 2476 2901 2549 consiliariorum,
2946 2474 3015 2536 II
3070 2476 3404 2538 consulum
3446 2497 3614 2538 mer·

1148 2581 1460 2646 catorum,
1492 2571 1563 2632 II
1590 2575 1991 2651 provisorum
2022 2574 2498 2635 constituerunt
2522 2572 2767 2634 Datum
2796 2572 3103 2635 Iohannis
3129 2581 3612 2652 procuratorem

1149 2673 1234 2733 ad
1277 2691 1499 2733 omnes
1539 2690 1765 2731 causas
1807 2690 1955 2734 cum
1999 2671 2104 2731 Pa
2123 2690 2329 2751 gano
2372 2671 2548 2732 Vult.
2594 2690 2693 2749 ep.
2739 2690 2952 2731 coram
2995 2691 3167 2751 papa
3208 2672 3309 2734 vel
3337 2674 3472 2734 eius
3498 2674 3612 2735 de·

1150 2770 1398 2848 lega-tis.
1483 2769 1628 2829 Act.
1673 2767 1850 2828 Vult.
1894 2769 2079 2829 iuxta
2120 2766 2267 2828 eccl.
2315 2768 2639 2828 maiorem.
2726 2768 3007 2848 Rigepto
3049 2769 3255 2831 iudice
3297 2771 3406 2851 qd.
3450 2770 3614 2832 Gra-

1152 2869 1333 2930 tiani.
1383 2869 1608 2930 Truffo
1654 2867 1763 2946 qd.
1825 2865 2109 2928 Cimecti.
2181 2865 2458 2928 Strenna
2527 2867 2869 2929 Burasselli
2940 2872 3020 2927 tt.
3146 2868 3609 2935 MCCXVIIII.

1152 2968 1285 3028 ind.
1330 2965 1479 3036 VII,
1526 2965 1701 3026 XIII
1740 2965 1869 3026 kal.
1916 2964 2087 3025 mad.
2175 2965 2518 3027 Donzellus
2559 2967 2711 3044 imp.
2758 2967 2901 3027 aule
2944 2968 3137 3027 iudex
3180 2968 3316 3028 ord.
3359 2975 3428 3028 et
3468 2976 3610 3030 not.

1471 3064 1737 3125 Florenz
1778 3062 1934 3123 Ast.
1981 3062 2169 3137 (Volt.
2202 3061 2363 3122 1219
2390 3062 2492 3125 IV
2520 3062 2621 3134 20,
2649 3081 2715 3122 n.
2746 3061 2889 3139 185)
2921 3063 3093 3140 Oriq.

1154 3242 1293 3303 374
2268 3237 2563 3309 Voltma,
2613 3237 2717 3313 (14
2761 3238 2954 3314 April
2983 3274 3064 3282 —
3091 3238 3172 3298 15
3214 3239 3383 3315 Mai)
3428 3240 3611 3301 1219.

1277 3339 1529 3400 Barone
1572 3337 1840 3410 Stefani,
1886 3335 2211 3414 Galganus
2249 3335 2584 3405 Tancredi‚
2633 3336 3070 3398 Bonafidanza
3114 3337 3395 3397 Rainerii
3434 3338 3612 3400 Vult.

1156 3437 1443 3499 consules
1484 3438 1961 3497 constituerunt-
2004 3433 2424 3495 Guittardum
2453 3433 2561 3511 qd.
2593 3432 2916 3495 Iohannis
2930 3434 3246 3495 sindicum
3277 3434 3360 3495 ad
3388 3454 3615 3498 causas

1157 3555 1300 3596 cum
1344 3537 1674 3614 Pagano
1717 3552 1812 3611 ep.
1858 3537 2202 3593 vertentes.
2288 3531 2434 3592 Act.
2465 3530 2688 3592 Vult.
2671 3550 2739 3593 1n
2765 3533 2961 3592 domo
2989 3530 3263 3592 filiarum
3292 3533 3398 3612 qd.
3441 3532 3614 3594 Gua-

1156 3632 1311 3699 schi.
1399 3633 1677 3711 Rigepto
1697 3630 1934 3710 [iudice
1955 3628 2064 3707 qd.
2091 3628 2381 3690 Gratiani
2405 3634 2473 3688 et
2476 3673 2631 3687 .....
2639 3628 2664 3707 ]
2679 3628 2967 3689 castaldo
2985 3636 3064 3690 tt.
3149 3629 3612 3703 MCCXVIIII,

1158 3731 1291 3792 ind.
1335 3729 1512 3811 [V11,
1559 3774 1745 3790 ......
1751 3729 1776 3808 ]
1819 3728 2037 3788 madii.
2122 3727 2464 3788 Donzellus
2504 3727 2699 3787 iudex
2742 3727 2876 3787 ord.
2922 3734 2987 3788 et·
3028 3734 3163 3788 not.

1479 3826 1738 3887 Florenz
1780 3824 1932 3885 Ast.
1982 3824 2169 3897 (Volt.
2202 3824 2363 3884 1219
2380 3869 2533 3885 .....
2565 3844 2628 3884 n.
2662 3823 2805 3895 195)
2849 3824 3021 3902 Oriq.
3071 3829 3199 3902 (am
3224 3826 3479 3887 Schluss
3518 3827 3611 3886 be-

1477 3924 1803 4001 scheidiqt).

1161 4042 1297 4104 375
2919 4039 3098 4110 Rom,
3142 4040 3180 4099 1
3223 4039 3390 4102 Jum'
3432 4040 3612 4102 1219.

1284 4138 1701 4201 Honorius
1743 4136 1874 4197 III
1917 4138 2243 4215 preposito
2295 4136 2752 4213 (Florenzetto)
2802 4137 2882 4196 de
2935 4138 3199 4203 Casulis.
3259 4139 3613 4217 V(esconti)

1162 4235 1547 4315 archipresb
1578 4234 1659 4295 de
1701 4234 1891 4308 Colle,
1925 4235 2235 4313 magistro
2276 4234 2562 4311 Pis(ano)
2605 4252 2744 4295 can.
2779 4234 2951 4296 Vult.
3038 4237 3094 4295 A
3134 4234 3436 4315 Gregorio
3477 4258 3615 4298 cru·

1163 4337 1489 4414 cesignato
1544 4333 1782 4412 recepit
1825 4334 2248 4410 questionem,
2293 4332 2468 4409 quod
2524 4351 2795 4393 comune
2841 4332 3010 4392 Vult.
3062 4334 3425 4408 Girardum,
3482 4337 3616 4396 eius

1164 4433 1327 4495 filios
1354 4439 1422 4493 et
1450 4431 1608 4491 alios
1637 4428 1906 4492 villanos
1935 4432 2242 4491 detineat.
2275 4429 2564 4491 Mandat.
2598 4437 2918 4507 quatenus
2947 4450 3206 4492 causam
3240 4433 3509 4495 audiant
3549 4440 3615 4494 et

1165 4530 1530 4590 terminent.
1613 4548 1640 4587 «ι
1668 4527 2011 4606 Gregorius
2070 4529 2550 4605 crucesignatus
2576 4548 2621 4586 ».
2729 4527 2880 4587 Dat.
2929 4528 3132 4588 Rome
3181 4531 3355 4608 apud
3397 4551 3447 4590 s.
3503 4531 3618 4591 Pe·

1165 4633 1338 4688 trum
1383 4626 1510 4686 kal.
1555 4627 1705 4697 iun„
1753 4631 1929 4703 pont.
1974 4623 2099 4684 III.

1488 4724 1691 4784 Insert
1732 4724 1801 4783 in
1842 4744 1905 4783 n.
1938 4723 2076 4783 379.
