4000 5700
1054 512 1378 568 REGEST
1389 513 1502 566 ΠΜ
1538 510 2227 567 VOLATERRANUM
2759 511 2867 564 213

414 710 552 770 648.
1953 707 2232 781 Florem,
2276 706 2358 768 14
2397 706 2650 784 Anqust
2687 706 2865 769 1254.

534 806 920 882 MOCLIIII,
964 805 1094 868 ind.
1138 805 1296 873 XII
1340 805 1444 866 die
1486 806 1737 866 veneris
1779 803 1991 866 XIIII
2020 825 2166 883 aug.
2251 805 2353 866 Ex
2382 809 2690 883 precepto
2715 803 2865 866 Gui-

412 904 622 965 scardi
660 905 1007 983 potestatis
1047 909 1114 966 et
1141 903 1490 965 Guillielmi
1517 903 1850 983 Rangonis
1877 903 2202 982 capitanei
2235 904 2577 966 convocati
2603 909 2757 964 sunt
2782 902 2869 963 ad

408 1002 746 1064 consilium
788 1000 1112 1063 credentis
1150 1003 1220 1064 in
1259 1002 1408 1063 eccl.
1451 1021 1502 1063 s.
1534 1002 1844 1065 Iohannis
1872 1000 2114 1063 batiste
2140 1000 2234 1062 VI
2261 999 2610 1079 prudentes
2638 1002 2758 1061 viri
2786 999 2868 1061 de

413 1099 703 1179 quolibet
729 1105 939 1169 sextu,
970 1099 1401 1162 interfuerunt
1428 1102 1682 1162 anziani
1724 1100 1950 1180 populi
1974 1098 2147 1161 Flor.
2216 1099 2608 1180 capitaneus
2640 1118 2866 1162 consu·

414 1199 556 1271 luit,
581 1198 736 1278 quid
758 1198 842 1258 sit
862 1197 1228 1258 faciendum
1252 1200 1318 1258 in
1339 1198 1696 1259 ordinando
1730 1199 2126 1259 salarium
2156 1199 2618 1278 potestatis
2645 1196 2864 1258 Vult..

408 1300 479 1357 et
519 1296 658 1356 eius
696 1293 925 1355 iudicis
965 1299 1035 1355 et
1073 1300 1211 1357 Ποῦ.
1256 1292 1509 1355 Placuit
1552 1297 1776 1356 maiori
1802 1297 1994 1374 parti,
2026 1295 2201 1374 quod
2241 1300 2376 1374 pot.
2406 1294 2646 1355 habeat
2673 1293 2866 1355 libras

409 1392 610 1455 CCOC
652 1393 853 1466 Vult„
896 1393 1090 1454 iudex
1130 1392 1256 1465 CL,
1298 1397 1436 1453 not.
1481 1392 1754 1454 LXXX.
1846 1392 2246 1455 Guillielmus
2289 1397 2424 1453 not.
2467 1398 2537 1452 et
2579 1391 2867 1453 Rustiki-

409 1510 532 1552 nus
576 1489 981 1551 Benentendi
1020 1495 1155 1550 not.
1203 1495 1281 1550 tt.

729 1589 987 1650 Florem
1015 1588 1167 1649 Ast.
1203 1587 1386 1665 (Vott.
1416 1608 1479 1649 n.
1512 1588 1655 1661 655)
1690 1588 1844 1667 C'op.
1875 1608 1993 1649 von
2017 1588 2178 1649 1256
2197 1589 2453 1649 Januar
2473 1586 2554 1648 12
2578 1590 2681 1661 (ex
2707 1587 2866 1649 libro

729 1685 1134 1746 consiliorum
1163 1705 1357 1763 penes
1387 1685 1788 1746 Bet-nardum
1816 1691 1978 1751 not..
2009 1686 2123 1764 qui
2147 1685 2398 1763 positus
2424 1690 2524 1744 est
2545 1684 2631 1746 ad
2652 1689 2863 1744 custo·

728 1784 1035 1846 diendum
1064 1782 1257 1844 libros
1285 1783 1694 1844 consiliorum
1719 1796 1787 1845 et
1808 1784 2420 1844 stantiamentorum
2449 1783 2863 1843 anzianorum

727 1890 797 1943 et
836 1882 1204 1960 capitanei).
1289 1882 1413 1943 Oit.
1457 1882 1689 1943 G'ecina
1731 1881 1829 1943 54.

410 2176 548 2236 649.
1942 2173 2224 2247 Florenz,
2269 2174 2350 2234 14
2395 2173 2639 2250 Auquet
2679 2175 2859 2237 1254.

531 2271 916 2343 MCCLIIII,
959 2272 1064 2334 die
1093 2274 1340 2334 veneris
1371 2271 1582 2333 XIIII
1608 2292 1779 2353 aug„
1815 2271 1949 2333 ind.
1980 2271 2136 2333 XII.
2221 2270 2594 2334 Stabilitum
2622 2278 2723 2333 est
2752 2291 2865 2351 per

409 2371 909 2433 Guillielminum
954 2370 1283 2450 Raugonis
1324 2371 1737 2448 capitaneum
1778 2376 1847 2430 et
1886 2371 2191 2431 anzianos
2219 2369 2441 2448 populi
2466 2370 2656 2441 Flor.⁹
2687 2370 2864 2449 quod

407 2487 526 2546 pro
573 2468 1023 2530 emendatione
1084 2468 1546 2528 constituti
1586 2467 1825 2540 Vult„
1871 2486 1996 2546 que
2036 2467 2169 2527 fieri
2212 2465 2408 2528 debet
2446 2466 2528 2528 de
2569 2468 2862 2545 proximo

407 2585 580 2646 aug„
623 2565 942 2645 eligantur
981 2570 1086 2626 tot
1126 2565 1207 2625 de
1249 2564 1598 2628 maioribus
1655 2571 1818 2645 quot
1872 2565 1952 2625 de
2007 2565 2364 2626 minoribus
2417 2564 2736 2638 civitatis;
2794 2566 2861 2626 in

408 2664 768 2725 constituto
806 2670 1087 2742 ponatur
1115 2683 1144 2723 e
1163 2663 1357 2724 salvis
1385 2665 1704 2743 preceptis
1729 2664 2055 2742 capitanei
2081 2670 2150 2724 et
2177 2665 2520 2742 potestatis
2548 2660 2714 2724 Flor.
2737 2683 2766 2723 ι»
2791 2667 2857 2740 “).

409 2762 707 2823 Potestas
747 2761 926 2822 Vult.
971 2760 1208 2822 habeat
1250 2761 1590 2823 arbitrium
1645 2763 1713 2822 in
1769 2760 2068 2822 omnibus
2123 2761 2447 2823 maleficiis
2500 2762 2582 2822 de
2634 2760 2739 2822 die
2792 2765 2861 2822 et

407 2866 616 2922 nocte.
702 2859 756 2919 A
800 2859 1399 2938 condempnationis
1440 2862 1765 2922 sententia
1804 2879 1934 2924 non
1975 2861 2182 2938 possit
2230 2860 2554 2939 appellari.
2639 2859 2861 2922 Liceat

406 2959 720 3038 potestati
760 2965 826 3018 et
865 2978 982 3018 suo
1023 2958 1218 3019 iudici
1265 2960 1607 3020 terminare
1636 2958 1898 3020 consilia
1925 2965 1992 3019 et
2021 2958 2677 3037 parlamentafacere.
2748 2957 2858 3020 So-

407 3058 532 3118 veli
573 3057 652 3117 de
696 3056 1053 3136 Arriguccis
1094 3076 1264 3118 nunc
1306 3063 1595 3135 potestas
1631 3055 1805 3118 Vult.
1836 3062 1905 3118 et
1935 3057 2340 3118 Bonacursus
2369 3056 2448 3117 de
2478 3056 2734 3118 Lanuto
2762 3076 2861 3118 as·

406 3172 611 3215 sessor
650 3155 784 3214 sint
822 3153 1105 3214 absoluti
1144 3154 1226 3214 de
1266 3153 1789 3233 inquisitionibus
1829 3153 2021 3214 factis
2049 3174 2162 3233 per
2197 3153 2571 3215 Iacobinum
2614 3154 2857 3233 capita-

406 3271 596 3312 neum
639 3257 709 3312 et
749 3253 1051 3314 anziancs
1092 3252 1287 3323 Vult,
1332 3252 1501 3312 sicut
1541 3252 1783 3329 scripta
1810 3258 1963 3312 sunt
1993 3271 2191 3312 manu
2221 3243 2466 3311 Mathei
2491 3257 2627 3312 Ποῦ.
2712 3252 2855 3313 Αοῦ.

405 3349 569 3411 Flor.
611 3350 676 3410 in
721 3350 964 3428 palatio
1005 3351 1346 3428 capitanei,
1395 3352 1463 3411 in
1511 3369 1639 3429 quo
1694 3357 1984 3411 moratur
2008 3349 2076 3426 ’).
2134 3348 2522 3410 Azzobuono
2575 3354 2712 3409 not.
2754 3369 2855 3411 oa-

406 3449 667 3526 pitanei.
712 3448 997 3526 Iacoppo
1040 3455 1170 3508 not.
1216 3448 1542 3508 But-necto
1573 3447 1924 3508 Bonacursi
1957 3454 2095 3510 not.
2128 3452 2209 3506 tt.
2295 3447 2714 3508 Rustichinus
2739 3467 2857 3528 pro

405 3545 643 3624 populo
685 3543 852 3606 Flor.
897 3547 1315 3608 anzianorum
1355 3552 1492 3606 not.

724 3644 981 3704 Florenz
1031 3644 1174 3703 ASt.
1224 3644 1407 3718 (Vozt.
1452 3665 1512 3704 n.
1560 3643 1701 3718 656)
1748 3643 1919 3721 Orz'q.
2007 3644 2155 3719 Req.
2202 3643 2434 3704 Cecina
2475 3643 2570 3703 53.

548 3916 591 3979 ¹)
628 3915 734 3963 Die
760 3915 1070 3963 rcvidierlen
1095 3915 1340 3962 Statuten
1365 3914 1457 3963 dea
1488 3914 1685 3963 Jahres
1726 3915 1862 3964 1251
1904 3915 2005 3976 (wo
2046 3913 2309 3963 Albertus
2345 3913 2415 3962 de
2456 3911 2716 3977 Segalare
2754 3916 2855 3964 Po-

400 4004 549 4053 desta
584 4003 719 4067 war)
756 4003 883 4052 sind
926 4003 989 4051 in
1044 4001 1176 4051 Vols.
1216 4003 1435 4051 AMun.
1489 4003 1534 4050 G
1590 4001 1758 4051 VIII.
1811 4003 1923 4050 Der
1968 4003 2197 4064 Ansanq
2248 4002 2319 4049 ist
2366 4001 2551 4062 jedoch
2601 4017 2703 4051 von
2748 4003 2854 4053 den

401 4092 737 4155 Anhdnqern
776 4092 1062 4169 Manjredf
1098 4091 1176 4140 im
1222 4091 1442 4141 Her-bete
1492 4093 1631 4141 1260
1680 4092 1975 4154 korriyiert.
2030 4091 2231 4140 Cecina
2276 4092 2344 4140 48
2393 4090 2486 4139 hat
2533 4091 2634 4140 das
2679 4091 2853 4151 faloch

400 4181 714 4243 ausqesasst.
862 4180 906 4244 ⁹)
932 4181 1053 4240 Au]
1087 4180 1231 4230 disee
1267 4179 1456 4230 beiden
1499 4180 1797 4229 Urkundm
1831 4179 2076 4228 beziehen
2109 4179 2225 4229 sich
2260 4179 2348 4229 dic
2379 4178 2551 4228 Worte
2583 4179 2856 4231 OEovanni

406 4271 643 4320 Villanie
670 4269 754 4318 VI
773 4271 804 4319 5
814 4273 858 4328 7,
876 4270 1135 4318 nachdem
1161 4285 1216 4318 er
1233 4270 1320 4318 die
1337 4269 1566 4332 Ansanq
1589 4271 1803 4331 August
1824 4269 2039 4332 erfolqtc
2054 4269 2364 4318 Einnahms
2392 4269 2659 4319 Vellet-rae
2682 4271 2850 4322 durch

399 4360 499 4409 das
547 4374 649 4406 von
683 4358 853 4407 Sicna
891 4358 1020 4407 iiber
1054 4357 1387 4420 Poqqibensi
1422 4358 1835 4408 heranziehcnde
1871 4358 2210 4408 Florem-incr
2252 4359 2395 4408 Heer
2445 4360 2640 4409 mahte
2677 4362 2794 4410 hat:
2832 4362 2852 4411 i

399 4448 706 4500 Fiorentini
738 4449 948 4497 enti-ati
984 4448 1132 4497 nella
1172 4454 1377 4498 terra..
1448 4463 1484 4495 a
1520 4445 1638 4497 loro
1674 4449 1834 4512 guisa
1867 4448 2164 4498 riformaro
2199 4450 2259 4497 la
2291 4450 2553 4513 signoria,
2590 4463 2621 4496 e
2659 4451 2753 4514 poi
2780 4466 2848 4500 ne

399 4537 745 4588 mandarono
780 4537 920 4586 fuori
956 4537 971 4584 i
999 4535 1245 4601 caporali
1270 4537 1357 4584 de'
1380 4537 1698 4587 Ghibellini.
1729 4539 1775 4586 Ε
1803 4542 2004 4600 questo
2029 4537 2092 4586 fu
2117 4537 2204 4587 nel
2231 4553 2380 4587 mese
2405 4535 2664 4602 d'agosto
2695 4540 2848 4598 1254,

399 4628 511 4677 alla
545 4626 706 4676 detta
741 4626 986 4691 signet-ia
1022 4626 1080 4675 di
1121 4642 1324 4676 messer
1363 4624 1675 4676 Gniseardo
1701 4626 1778 4675 da
1804 4627 2176 4678 Pistre-santa.
2259 4626 2562 4689 Verqleiche
2589 4645 2611 4678 ο
2631 4628 2850 4677 Beatum

398 4716 513 4764 und
549 4714 1007 4774 Geldwirtechasco
1042 4714 1111 4763 II
1152 4717 1270 4765 276.
1313 4717 1416 4764 290
1452 4715 1490 4775 l.
1521 4716 1639 4766 2397.
