4000 5700
1060 549 1519 606 REGESTUM
1554 550 2243 609 VOLATERRANUM
2783 557 2883 609 105

409 746 676 820 liuntur,
721 747 889 809 med.
934 748 1374 810 habitantium
1420 750 1487 810 in
1527 749 1849 827 cappellis,
1894 752 2009 829 qui
2049 751 2119 811 in
2144 752 2456 812 cimiterio
2485 748 2882 831 sepulturam

410 842 676 917 babent,
716 843 1016 906 deductis
1044 845 1396 907 moderatis
1423 848 1717 928 expensis
1744 848 1831 908 ad
1858 848 2376 910 tumulationem.
2463 849 2885 911 Prohibemus

412 944 806 1004 auctoritate
849 943 1025 1003 Petri
1054 947 1097 1013 ¹)
1144 943 1625 1022 predecessoris,
1671 964 1752 1004 ne
1806 948 1953 1024 quis
2008 945 2342 1007 habitator
2395 945 2617 1008 Sancti
2671 947 2882 1008 Gemi-

418 1040 599 1100 niani
642 1041 816 1119 apud
858 1040 1216 1120 cappellam
1258 1042 1340 1103 de
1384 1041 1662 1102 Paterno
1691 1062 1859 1104 nunc
1888 1051 2190 1104 vocatam
2219 1046 2526 1106 canonica
2555 1045 2635 1105 de
2663 1045 2888 1106 Strata

409 1141 615 1221 eligat
654 1140 1070 1219 sepulturam.
1158 1138 1652 1203 Ildebrandinus
1679 1161 1776 1220 ep.
1809 1142 1982 1203 Vult.
2016 1142 2209 1222 Hugo
2237 1143 2621 1221 archipresb.
2655 1143 2884 1205 Petrus

412 1239 714 1301 sacerdos
768 1244 838 1299 et
876 1257 1015 1299 can.
1060 1237 1422 1300 Wiaderius
1463 1258 1601 1299 can.
1644 1247 1712 1300 et
1752 1240 1914 1301 diac.
1960 1240 2265 1318 Magister
2305 1241 2595 1302 Mitidius
2636 1260 2773 1303 can.
2820 1248 2885 1304 et

414 1335 704 1398 subdiac.
750 1334 1094 1397 Tolomeus
1135 1354 1274 1396 can.
1319 1341 1388 1397 et
1429 1335 1713 1398 subdiac.
1762 1337 2143 1418 Paganellus
2183 1358 2321 1399 can.
2366 1359 2445 1399 ss,

748 1433 911 1496 Volt.
958 1432 1185 1511 AGap.
1229 1454 1290 1494 π.
1335 1434 1459 1495 165
1477 1434 1572 1495 bis
1615 1436 1785 1513 Θήρ.

420 1630 566 1691 301.
2121 1631 2419 1704 Volterra,
2465 1631 2883 1708 (1185-1212).

545 1727 652 1808 I[l
671 1726 1095 1789 debrandu
1113 1726 1186 1805 s]
1228 1745 1327 1804 ep.
1372 1725 1547 1787 Vult.
1587 1747 1703 1806 pro
1732 1731 2107 1807 episcopatu
2136 1731 2376 1808 recepit
2402 1729 2488 1790 ab
2514 1729 2887 1810 [Ildinran-

418 1826 576 1887 dino
619 1832 687 1886 et
730 1823 1128 1886 Montanello
1169 1823 1213 1884 f.
1259 1823 1565 1884 Mendrizi
1609 1823 1729 1885 LX
1773 1825 1880 1885 lib.
1918 1825 2047 1886 Pis.
2080 1834 2354 1892 monete.
2385 1847 2502 1905 pro
2530 1827 2765 1906 quibus
2793 1826 2886 1888 VI

422 1923 535 1985 lib.
580 1923 921 1985 annuatim
963 1920 1047 1981 ab
1075 1921 1331 2000 ospitali
1362 1939 1413 1981 s.
1446 1921 1751 1984 Iohannis
1779 1923 1861 1983 de
1890 1923 2125 1984 Serena
2151 1930 2219 1985 et
2249 1925 2371 1994 XV
2408 1924 2515 1985 lib.
2561 1945 2601 1985 a
2643 1930 2887 1986 rectore

414 2020 504 2082 de
547 2019 876 2098 Altipassu
920 2038 1039 2097 pro
1080 2018 1334 2097 pascuis
1376 2016 1628 2078 debitas
1672 2018 1904 2101 obligo.
2005 2020 2147 2080 Act.
2199 2020 2491 2082 Vulterre
2535 2023 2600 2081 in
2642 2021 2888 2099 palatio

412 2139 522 2199 ep.
583 2137 797 2180 coram
825 2119 1033 2196 priore
1056 2136 1106 2176 s.
1132 2115 1423 2176 Mariani.
1458 2116 1744 2177 Iohanne
1766 2116 2150 2180 Lombardo.
2176 2119 2492 2180 Ubertino
2519 2121 2886 2180 camerario.

422 2216 818 2279 Carfannino
861 2215 1133 2276 mulario
1174 2215 1431 2275 nomine
1475 2215 1935 2277 Bonaventura
1976 2223 2058 2276 tt.
2145 2218 2485 2295 Iacopinus
2528 2222 2662 2278 not.

754 2314 916 2376 Volt.
963 2313 1199 2374 AVeec.
1246 2313 1417 2391 App.
1464 2311 1582 2373 [ld.
1627 2333 1687 2374 n.
1720 2314 1761 2375 3
1800 2315 1975 2391 Oriq.

426 2511 567 2573 302.
2094 2509 2388 2584 Volterra,
2434 2510 2473 2571 6
2515 2511 2662 2571 Mai
2704 2512 2882 2573 1212.

548 2609 753 2670 Pacta
774 2609 951 2687 pacis
980 2609 1148 2667 inter
1177 2606 1676 2667 Rainaldum
1708 2607 1984 2668 Abbatis
2008 2609 2053 2683 ²)
2086 2607 2301 2668 Vult.
2334 2615 2493 2686 pot.
2526 2613 2593 2669 et
2617 2609 2884 2669 Noradi-

422 2727 603 2778 num,
639 2705 1126 2768 Bernardinum.
1158 2704 1501 2766 Albertum
1530 2724 1633 2784 gg.
1664 2704 1773 2783 qd.
1808 2704 2186 2766 Bernardini
2214 2704 2295 2765 de
2330 2705 2584 2777 Miem0,
2619 2707 2885 2767 Bernar-

426 2806 649 2869 dinum
682 2803 728 2865 f.
762 2803 1074 2865 Rainucci
1095 2822 1212 2882 pro
1234 2823 1300 2864 se
1330 2809 1395 2863 et
1420 2802 1790 2865 Bonacurso
1810 2803 1854 2863 f.
1880 2802 2221 2884 Frederigi.
2309 2805 2484 2866 Dicti
2511 2807 2885 2866 iuraverunt

419 2901 958 2964 cictadinantiam
1005 2900 1180 2960 Vult.
1225 2907 1292 2961 et
1333 2901 1583 2961 salvare
1632 2901 1921 2961 homines
1971 2901 2172 2973 Vult.;
2222 2901 2342 2961 hoc
2390 2901 2628 2962 facient
2681 2904 2887 2965 iurare

427 2998 725 3061 omnibus
752 3017 973 3059 eorum
1001 2996 1367 3058 hominibus
1408 3003 1473 3056 et
1511 2996 1803 3058 fidelibus
1832 2997 1914 3058 de
1936 2997 2171 3058 Miemo
2191 3005 2601 3077 preterquam
2624 2999 2884 3059 cictadi-

428 3094 741 3156 nantiam.
787 3094 1100 3155 Fecerunt
1144 3094 1335 3154 finem
1380 3095 1635 3154 comuni
1676 3094 1760 3155 de
1802 3094 2060 3155 offensis
2114 3100 2181 3155 et
2237 3097 2665 3174 promiserunt
2706 3096 2885 3156 habi·

424 3200 569 3255 tare
611 3192 786 3253 Vult.
830 3212 977 3253 cum
1019 3191 1264 3252 familia
1306 3193 1371 3252 in
1415 3211 1573 3270 pace
1617 3190 1887 3261 duobus,
1934 3192 1999 3252 in
2029 3212 2256 3271 guerra
2293 3191 2498 3253 tribus
2527 3192 2883 3267 mensibus3

428 3310 559 3350 non
586 3289 916 3350 castellare
956 3289 1221 3367 podium
1263 3287 1344 3348 de
1386 3287 1620 3347 Miemo
1662 3293 1778 3348 aut
1819 3287 1992 3348 aliud
2037 3289 2101 3347 in
2132 3289 2267 3348 eius
2294 3294 2508 3361 curte3
2545 3290 2884 3349 annuatim

419 3385 582 3447 dare
622 3388 934 3465 potestati
976 3404 1227 3446 cereum
1257 3385 1322 3446 X
1365 3385 1498 3456 lib.;
1528 3372 1673 3462 pen.
1706 3384 1771 3444 M
1802 3405 1994 3446 marc.
2028 3404 2184 3465 arg„
2215 3384 2664 3464 obligaverunt
2693 3386 2883 3459 bona,

426 3504 555 3565 que
582 3483 826 3546 habent
866 3486 934 3545 in
976 3483 1155 3545 Gello
1196 3490 1262 3544 et
1304 3489 1505 3543 curte.
1592 3482 1975 3544 Lambertus
2016 3483 2098 3543 dc
2139 3483 2406 3554 Cezan0‚
2439 3482 2777 3545 Saladinus
2805 3484 2887 3544 de

426 3581 770 3653 OrciaticO,
814 3583 1223 3661 Malaparuta
1264 3581 1374 3660 qd.
1418 3581 1664 3662 Ugonis
1719 3580 2141 3642 fideiubentes
2196 3583 2626 3660 promiserunt
2678 3582 2886 3643 dictos

432 3681 650 3743 omnia
689 3679 1060 3753 observare;
1092 3680 1499 3759 Malaparuta
1527 3677 1839 3756 obligavit
1876 3698 1992 3739 sua
2021 3677 2191 3738 bona
2220 3680 2286 3738 in
2320 3678 2611 3758 Agnano,
2643 3677 2886 3739 Saladi·

428 3798 550 3841 nus
578 3797 695 3838 sua
723 3776 893 3839 bona
934 3779 1003 3839 in
1043 3779 1269 3838 castris
1308 3777 1388 3838 de
1433 3777 1753 3838 Orciatico
1794 3783 1863 3836 et
1896 3776 2188 3856 AgnanO.
2271 3775 2639 3837 Noradinus
2679 3783 2745 3836 et
2779 3778 2886 3837 alii

424 3877 584 3938 dicti
623 3882 995 3955 receperunt
1038 3896 1078 3935 a
1120 3875 1441 3936 Rainaldo
1481 3894 1598 3954 pro
1639 3875 1738 3935 his
1779 3873 2077 3934 omnibus
2119 3873 2227 3934 lib.
2274 3876 2335 3936 D
2375 3874 2519 3933 den.
2567 3875 2762 3946 Vult„
2806 3874 2888 3935 de

423 3974 664 4054 quibus
692 3975 1119 4051 promiserunt
1161 3972 1316 4033 dare
1358 3974 1424 4032 in
1453 3972 1779 4050 emptione
1805 3972 2146 4032 domorum
2175 3978 2240 4030 et
2271 3978 2582 4032 terrarum
2614 3973 2679 4031 in
2707 3971 2884 4032 Vult.

432 4070 516 4133 ad
541 4071 780 4131 festum
803 4090 851 4132 s.
884 4071 1210 4133 Michaelis
1240 4072 1305 4129 in
1333 4075 1497 4148 sept.
1528 4068 1636 4129 lib.
1670 4070 1787 4130 CC.
1873 4070 2171 4129 Potestas
2199 4088 2344 4129 cum
2374 4070 2635 4130 consilio
2663 4087 2886 4129 consu·

427 4169 563 4230 lum
606 4174 1032 4229 mercatorum
1074 4175 1142 4228 et
1184 4169 1442 4229 maioris
1483 4169 1685 4246 partis
1728 4168 1996 4227 aliorum
2043 4166 2354 4228 bonorum
2413 4169 2743 4230 hominum
2785 4187 2887 4245 ge-

429 4266 661 4329 neralis
702 4267 945 4327 consilii
986 4266 1142 4327 fecit
1184 4267 1378 4327 finem
1419 4267 1609 4327 dictis
1650 4273 1718 4327 et
1746 4284 1964 4326 eorum
1995 4265 2361 4325 hominibus
2393 4272 2458 4325 et
2487 4263 2781 4326 fidelibus
2806 4265 2888 4325 de

426 4363 720 4435 offensi33
763 4364 1194 4442 querimonias
1234 4363 1314 4423 de
1356 4362 1654 4441 dampnis
1696 4363 1885 4423 factis
1926 4364 2258 4423 occasione
2292 4382 2516 4442 guerre
2545 4360 2644 4421 vel
2673 4361 2754 4422 de
2782 4382 2888 4423 ne·

427 4462 624 4543 gotio,
669 4460 845 4541 quod
886 4459 1251 4521 Noradinus
1295 4459 1526 4521 habuit
1568 4480 1714 4521 cum
1758 4479 1956 4520 uxore
1998 4479 2116 4519 sua
2145 4460 2536 4529 Albertesca‚
2567 4480 2694 4520 non
2739 4461 2890 4520 reci·

574 4679 615 4740 1)
661 4676 938 4736 Umicher,
976 4676 1188 4726 welcher
1226 4691 1325 4725 von
1362 4677 1463 4725 den
1502 4679 1533 4725 5
1572 4675 1859 4737 Bischdlen
1897 4676 1987 4725 des
2013 4676 2257 4725 Namem
2282 4675 2458 4737 (Peter
2491 4676 2534 4724 V
2567 4676 2890 4737 103621099)

431 4767 661 4831 omine
696 4768 784 4817 ia.
931 4768 974 4829 ²)
1020 4764 1170 4815 wohl
1207 4768 1296 4815 ein
1334 4766 1531 4815 Abbati
1565 4782 1668 4815 aue
1706 4766 1946 4815 Βίου-(ηε.
