4000 5700
1150 537 1593 593 REGESTUM
1632 536 2319 591 VOLATERRANUM
2892 537 2957 589 71

498 735 733 798 Serena
773 736 860 797 do
901 734 1190 815 Galgano
1231 733 1407 795 Vult.
1453 754 1551 812 ep.
1597 752 1818 795 omnes
1859 740 2060 794 terras
2105 752 2280 794 meas
2321 732 2384 791 in
2429 730 2782 803 Borsolin0‚
2804 732 2954 792 Par·

497 833 657 905 tina,
686 831 1051 904 SuennanO,
1081 833 1427 902 Macen-eto,
1469 831 1793 904 Monetam
1851 831 2273 910 Galganus
2329 830 2641 910 promitto
2681 849 2784 890 me
2828 849 2959 890 non

496 930 943 991 edificaturum
987 928 1318 991 eeclesiam
1360 929 1428 990 in
1467 927 1731 991 castello
1772 929 1855 991 de
1895 929 2196 993 cluslino.
2254 929 2424 990 Item
2473 925 2676 990 abbas
2717 928 2780 987 in
2823 946 2952 987 em·

496 1027 836 1107 phimosim
879 1034 1257 1108 perpetuam
1301 1029 1424 1090 sub
1464 1046 1631 1108 pena
1674 1028 1737 1088 X
1782 1025 1889 1087 lib.
1934 1028 2081 1089 den.
2126 1028 2213 1104 do
2252 1027 2551 1106 episcopo
2592 1026 2761 1086 med.
2799 1024 2951 1085 eccl.

494 1126 575 1186 de
618 1123 952 1187 Borsolino
993 1127 1079 1187 ad
1120 1145 1379 1187 censum
1423 1146 1675 1187 cereum
1722 1126 1910 1187 unius
1952 1124 2062 1185 lib.
2148 1126 2293 1186 Act.
2337 1125 2406 1185 in
2445 1124 2594 1185 eccl.
2639 1145 2688 1185 s.
2732 1122 2954 1184 Iaoobi

493 1231 561 1284 et
607 1242 658 1283 S.
711 1224 972 1285 Martini
1018 1223 1104 1284 de
1144 1221 1424 1285 Cluslino
1473 1224 1555 1285 de
1607 1224 1929 1302 presentia
1986 1223 2300 1285 Guidonis
2353 1227 2422 1282 et
2477 1221 2717 1282 Tedicii
2759 1221 2954 1281 comi·

496 1327 636 1381 tum
693 1320 801 1398 qd.
848 1319 1106 1398 Ugolini
1160 1323 1436 1382 comitis.
1494 1320 1765 1381 Derrate
1816 1326 1882 1381 et
1934 1320 2248 1399 Peldilupi
2298 1320 2407 1398 qd.
2451 1318 2948 1380 Ildibranducoi.

493 1415 873 1479 Bernardini
935 1419 1042 1495 qd.
1087 1417 1497 1478 Ubaldinelli.
1544 1418 1848 1479 Guidocti
1911 1418 2018 1497 qd.
2064 1416 2365 1478 Strambi.
2423 1416 2672 1495 Ugonis
2736 1415 2949 1476 Razzi.

492 1512 919 1576 Ildibrandini
950 1515 1055 1593 qd.
1102 1514 1439 1576 Gualandi.
1488 1515 1774 1576 Rainerii
1820 1514 1930 1592 qd.
1961 1511 2403 1575 Ildebrandim’
2442 1519 2511 1574 et
2552 1512 2949 1590 Bentivegne

492 1611 600 1690 qd.
667 1610 1020 1673 Gibaldozi.
1085 1612 1433 1673 Bonaoorsi
1489 1611 1936 1675 Bernarducoi.
1994 1612 2269 1673 Arduini
2323 1617 2391 1672 et
2443 1611 2752 1673 Iohannis
2808 1609 2949 1673 Pal-

491 1709 645 1770 luze.
711 1709 993 1770 Tomasii
1052 1708 1546 1771 Ildibranduoci.
1607 1710 1925 1770 Francisci
1987 1717 2055 1769 et
2111 1709 2427 1770 Frederici
2483 1708 2565 1770 de
2618 1708 2946 1769 Menzano.

492 1806 749 1867 Baverii
803 1807 884 1867 de
940 1808 1159 1868 Monte
1206 1807 1479 1869 Arrenti.
1527 1805 1846 1870 cadoletti
1905 1808 2013 1887 qd.
2064 1805 2234 1868 Gerli
2276 1813 2358 1868 tt.
2467 1806 2802 1867 Rainerius
2855 1806 2950 1867 iu-

491 1903 616 1965 dex
659 1904 976 2063 ord'Vola
1043 2001 1284 2063 AVesc.
1348 2022 1398 2062 8.
1464 2001 1612 2061 XII
1672 2001 1796 2062 dec.
1862 2001 1902 2062 6
1962 2022 2026 2062 n.
2091 2002 2173 2063 20
2230 2002 2404 2079 Θήῃ.
2468 2001 2649 2062 Liber
2709 2001 2949 2061 iterium

813 2101 907 2159 10·
951 2101 1050 2160 cit.

498 2349 613 2408 198
2096 2343 2463 2419 Chiusclinm
2498 2348 2533 2406 7
2575 2346 2723 2405 Mai
2762 2344 2944 2405 1165.

613 2443 928 2516 MCLXV,
976 2465 1127 2507 non.
1172 2447 1365 2516 mad„
1425 2445 1557 2506 ind.
1604 2445 1795 2506 XIII.
1900 2444 2315 2506 Silvester
2376 2442 2578 2504 abbas
2652 2463 2700 2503 S.
2747 2443 2945 2503 Mario

486 2544 567 2601 ‹12›
610 2540 847 2603 Serena
889 2544 1200 2623 promitto
1243 2541 1532 2623 Galgano
1572 2562 1674 2621 ep.
1718 2541 1893 2604 Vult.
1941 2542 2120 2603 litem
2163 2562 2293 2603 non
2348 2541 2555 2602 facere
2611 2541 2690 2601 de
2734 2547 2945 2602 castro

487 2638 800 2711 Cluslin03
844 2637 992 2699 Gal
1006 2657 1267 2718 ganus
1308 2640 1621 2719 promitto
1662 2659 1792 2701 non
1833 2639 2129 2700 edificare
2171 2638 2499 2700 ecclesiam
2530 2639 2596 2698 in
2623 2644 2836 2698 castro
2862 2637 2944 2697 de

485 2735 764 2798 Cluslino
805 2743 873 2797 et
915 2734 1093 2797 litem
1138 2756 1267 2797 non
1310 2756 1565 2797 movere
1607 2737 1687 2797 de
1717 2736 1976 2797 abbatis
2004 2735 2153 2798 eccl.
2183 2736 2488 2798 edificata
2512 2735 2601 2796 ibi
2631 2735 2712 2796 ad
2743 2736 2940 2797 hono-

482 2854 615 2895 rem
658 2854 707 2894 s,
753 2834 973 2896 Iacobi
1014 2842 1081 2897 et
1123 2856 1172 2896 S.
1223 2834 1518 2908 Martini3
1584 2856 1728 2915 pen.
1773 2845 2036 2898 eentum
2100 2834 2207 2897 lib.
2266 2835 2626 2897 den..Lue.
2684 2842 2752 2895 et
2813 2834 2937 2895 Pis.

481 2933 629 2993 Act.
672 2933 739 2993 in
794 2933 943 2993 eccl.
997 2933 1078 2994 de
1135 2930 1414 2995 Cluslino
1496 2953 1658 3012 pres.
1704 2933 2020 2995 Guidonis
2074 2942 2142 2995 et
2200 2934 2416 2994 Tediei
2472 2934 2782 2995 comit-um
2827 2933 2935 3010 qd.

481 3028 740 3109 Ugolini
795 3050 1025 3092 comes.
1085 3031 1355 3091 Detrabe
1411 3038 1477 3092 et
1534 3029 1847 3112 Peldilupi
1893 3032 1998 3110 qd.
2045 3030 2494 3094 Ildibrandini.
2557 3029 2943 3092 Bernardini

480 3129 589 3207 qd.
632 3127 1041 3190 Ubaldinelli.
1088 3130 1389 3193 Guidotti
1445 3130 1550 3208 qd.
1594 3128 1902 3192 Strambi.
1946 3130 2193 3209 Ugonis
2250 3131 2465 3191 Razzi.
2508 3128 2941 3191 Ildibrandini

480 3226 588 3304 qd.
620 3223 960 3287 Gualandi.
1008 3225 1294 3289 Rainerii
1336 3226 1440 3304 qd.
1484 3227 1931 3288 Ildibrandini.
1976 3227 2376 3308 Bentivegne
2425 3228 2532 3306 qd.
2583 3224 2936 3288 Gibaldozi.

478 3321 827 3385 Bonaeorsi
868 3325 978 3402 qd.
1024 3322 1472 3386 Berndrducoi.
1516 3325 1788 3386 Arduini
1845 3332 1914 3385 et
1969 3324 2278 3386 Iohannis
2333 3324 2610 3386 Palluze.
2654 3323 2939 3385 Tomasii

474 3418 973 3503 Ildibranducci.
1015 3422 1333 3483 Francisci
1374 3429 1442 3483 et
1485 3422 1802 3484 Frederici
1831 3423 1911 3483 de
1942 3424 2274 3484 Menzano.
2309 3422 2564 3483 Baverii
2600 3423 2679 3483 de
2715 3422 2937 3482 Monte

480 3519 756 3580 Arrenti.
803 3518 1126 3581 cadoletti
1169 3519 1276 3598 qd.
1321 3519 1493 3580 Gerli
1538 3527 1616 3580 tt.
1701 3519 2042 3581 Rainerius
2085 3521 2277 3583 iudex
2320 3521 2454 3582 ord.

806 3642 962 3704 Volt.
1008 3642 1250 3704 AVesc.
1292 3662 1344 3703 ε.
1390 3642 1607 3703 XXII
1650 3643 1772 3704 dec.
1823 3644 1860 3704 7
1900 3665 1962 3705 n.
2010 3644 2089 3705 11
2132 3645 2305 3722 Oriq.

484 3891 599 3951 199
2066 3892 2436 3967 clausam,
2485 3893 2522 3953 7
2563 3893 2713 3952 Mai
2752 3891 2932 3952 1165.

598 3937 912 4059 ’MCLXK
941 4009 1086 4049 non.
1111 3989 1308 4060 mad„
1331 3989 1459 4050 ind.
1488 3989 1681 4050 XIII.
1765 3992 1807 4053 S
1826 3990 1880 4050 il
1899 4011 1939 4050 v
1957 4011 1990 4051 e
2008 3998 2131 4053 ste
2150 4011 2179 4051 r
2208 3990 2409 4051 abbas
2438 4011 2486 4051 s.
2508 3991 2702 4051 Marie
2726 3991 2805 4052 de
2829 3991 2935 4051 Se·

475 4106 629 4148 rena
654 4087 936 4165 pignoris
967 4105 1136 4147 nom.
1168 4087 1254 4148 do
1296 4086 1587 4165 Galgano
1623 4110 1723 4167 ep.
1770 4086 1943 4148 Vult.
1989 4108 2210 4155 omnes
2256 4098 2474 4159 terrae,
2521 4108 2683 4166 quas
2724 4086 2934 4150 habeo

476 4184 540 4243 in
584 4190 794 4244 castro
834 4191 902 4245 et
943 4184 1247 4245 distretto
1289 4184 1589 4246 Bibboni.
1672 4186 1820 4247 Act.
1864 4187 1930 4247 in
1958 4185 2108 4247 ecel.
2153 4208 2205 4248 s,
2235 4186 2454 4248 Iacobi
2495 4196 2562 4247 et
2591 4209 2637 4248 s.
2670 4186 2932 4248 Martini

473 4282 552 4342 de
596 4281 876 4342 Cluslino
896 4284 963 4355 ¹).

804 4405 957 4466 Volt.
1006 4406 1244 4467 AVesc.
1289 4426 1338 4465 8.
1386 4406 1530 4465 XII
1587 4408 1708 4468 dec.
1760 4412 1795 4468 7
1844 4429 1905 4468 n.
1967 4410 2047 4470 12
2100 4409 2271 4486 Θήῃ.
2327 4409 2505 4468 Liber
2564 4410 2798 4470 iurium
2855 4408 2934 4469 13

791 4503 903 4563 3αό
946 4502 1004 4562 P
1045 4504 1143 4563 cit.

618 4746 658 4809 ¹)
697 4745 930 4807 Zeuym,
971 4747 1142 4797 Notat·
1180 4749 1292 4796 und
1327 4748 1463 4797 alla
1508 4749 1687 4809 iibriqe
1730 4750 1819 4797 wie
1862 4752 1919 4799 in
1960 4766 2012 4799 n.
2060 4754 2173 4800 196.
