4000 5700
12 4797 21 5254 ff-ffl-fflffluss-

1130 458 1241 511 236
1776 457 2222 513 REGESTUM
2257 458 2945 515 VOLATERRANUM

1131 652 1462 725 Set-exano,
1490 651 1746 727 caselle,
1770 652 2158 732 Lusignano,
2184 653 2459 716 Roveto.
2543 653 2934 717 Lambertus
2955 661 3091 717 not.
3119 655 3364 717 Braccii
3393 654 3589 717 Fran-

1130 750 1368 812 oobari.

1460 849 1620 912 Vult.
1667 849 1906 911 AVuc.
1950 868 2000 910 a.
2054 848 2242 909 XIII
2283 848 2407 910 dec.
2451 849 2493 911 6
2531 870 2593 910 n.
2641 850 2719 912 72
2758 849 2929 929 Oriq.

1129 1143 1265 1207 705.
2271 1143 2472 1204 Rooca
2509 1142 2579 1205 dn·
2620 1144 2892 1219 Sillauo,
2935 1145 2978 1206 3
3016 1144 3366 1225 September
3403 1147 3579 1209 1259.

1249 1238 1695 1311 MOCLVIIII,
1740 1238 2168 1310 ind.111,111
2205 1241 3044 1318 non.eept.Gua1-neriue
3085 1242 3192 1321 qd.
3236 1242 3584 1305 Michaellie

1127 1338 1454 1400 confossus
1496 1344 1597 1399 est
1634 1357 1703 1398 ee
1744 1337 1936 1399 modo
1977 1357 2126 1398 cum
2168 1338 2401 1399 comite
2443 1339 2525 1400 de
2552 1338 2684 1401 Iloe
2711 1346 2778 1400 et
2806 1359 2950 1401 cum
2982 1342 3218 1402 comite
3245 1342 3324 1402 de
3345 1340 3584 1403 Sancta

1127 1436 1317 1496 Fiora
1358 1436 1439 1496 de
1480 1434 1875 1497 tradimento
1916 1434 2178 1496 Silani
2223 1442 2291 1496 et
2331 1438 2470 1497 eiua
2497 1435 2974 1499 lambardorum
3007 1444 3338 1510 tractuum
3372 1459 3583 1501 comes

1125 1533 1207 1594 de
1248 1535 1487 1597 Sancta
1529 1532 1790 1611 Fiora¹)
1835 1532 2119 1595 debebat
2160 1536 2376 1594 venire
2418 1533 2501 1595 ad
2544 1535 2961 1597 nativitatem
3001 1554 3054 1595 s.
3086 1536 3287 1598 Mario
3319 1538 3389 1599 in
3413 1546 3578 1616 sept.

1124 1637 1192 1694 et
1233 1630 1545 1711 expellere
1585 1630 1951 1692 lambat-dos
1990 1651 2028 1690 e
2069 1650 2318 1691 cessero
2359 1639 2428 1693 et
2468 1639 2686 1693 castro
2726 1632 2924 1694 Silani
2961 1639 3034 1693 et
3061 1638 3244 1695 extra
3275 1634 3577 1695 occidere.

1125 1729 1373 1790 Eadem
1416 1728 1742 1790 confessus
1781 1734 1882 1788 est
1939 1729 2270 1790 Dietavivi
2326 1731 2688 1791 Ferentani.
2784 1731 3027 1792 Manno
3079 1731 3186 1810 qd.
3243 1731 3579 1811 Fiamingi.

1124 1827 1408 1888 Ranerio
1448 1835 1516 1888 et
1557 1826 1848 1888 Bellocto
1886 1824 2198 1888 smtribuc
2236 1825 2283 1886 f.
2327 1825 2433 1905 qd.
2482 1827 2956 1890 Bonaventure.
3002 1829 3312 1908 Magistro
3351 1829 3432 1891 de
3460 1828 3580 1891 Be·

1123 1928 1406 2007 rignone‚
1453 1925 1590 1985 aliis
1630 1930 1714 1986 tt.
1799 1924 1944 1984 Act.
1988 1924 2057 1983 in
2096 1930 2312 1986 castro
2350 1925 2433 1986 de
2475 1924 2695 1988 Silano
2735 1926 2802 1986 in
2842 1925 3038 1988 domo
3090 1926 3367 1988 filiorum
3406 1927 3576 2009 Ugo-

1120 2024 1253 2083 lini.
1339 2022 1833 2084 Bai-tholomeus
1875 2021 1984 2103 qd.
2031 2020 2310 2082 Ruberti
2348 2028 2482 2084 not.
2528 2024 2839 2084 mandato
2883 2023 3119 2086 villani
3161 2025 3422 2086 rectoris
3476 2044 3577 2085 ca-

1114 2122 1236 2181 stri
1276 2120 1357 2181 de
1398 2120 1637 2181 Silano.

1448 2218 1603 2279 Vult.
1650 2217 1963 2279 AMuuic.
2013 2217 2271 2295 (Radia)
2315 2218 2488 2295 Oriq.

1118 2512 1253 2575 706.
2605 2512 2884 2584 Florem,
2928 2512 2968 2573 5
3009 2512 3356 2589 September
3394 2513 3570 2575 1259.

1239 2611 1585 2682 Questionc
1642 2616 1935 2671 vertente
1990 2612 2157 2671 inter
2199 2609 2655 2670 Armaleonum
2710 2611 2820 2689 qd.
2865 2609 3216 2671 Bonacurei
3270 2610 3349 2672 de
3405 2611 3574 2689 Ripa

1114 2709 1385 2769 Marana
1423 2714 1489 2767 et
1532 2706 1913 2768 Benbonum
1942 2707 2260 2770 sindicum
2303 2712 2670 2771 comunis
2712 2709 2950 2781 Vult..
2995 2708 3329 2769 Armaleus
3357 2729 3571 2771 coram

1115 2806 1301 2868 nobis
1342 2805 1543 2867 Paulo
1598 2805 1808 2868 iudice
1863 2815 1930 2868 et
1983 2826 2297 2868 assessore
2351 2804 2646 2868 Guidesti
2699 2806 2779 2869 de
2836 2807 3236 2868 Pontecarali
3292 2806 3572 2868 secunda

1116 2906 1255 2966 vice
1296 2905 1463 2966 Flor.
1506 2906 1830 2984 capitanei
1871 2906 2227 2983 proposuit,
2272 2905 2449 2985 quod
2488 2925 2602 2983 per
2644 2906 2846 2967 Dicde
2886 2911 3278 2983 potestatem
3322 2903 3494 2967 Vult.
3521 2906 3572 2982 ²)

1112 3003 1625 3082 condempnatus
1666 3002 1794 3062 fuit
1832 3003 1899 3062 in
1942 3002 2136 3063 XXV
2178 3002 2286 3063 lib.
2332 3002 2417 3063 ob
2458 3005 2955 3075 accusationem,
2999 3024 3038 3063 a
3079 3021 3213 3081 qua
3252 3023 3366 3082 per
3391 3003 3567 3064 Iaco-

1112 3091 1267 3162 bum
1308 3101 1584 3161 iudicem
1625 3099 1893 3160 fratrem
1936 3119 2125 3160 suum
2184 3099 2267 3161 ad
2320 3105 2734 3179 potestatem,
2793 3102 3223 3178 capitaneum,
3268 3103 3569 3162 ancia-nos

1111 3199 1280 3261 Flor.
1323 3198 1719 3279 appellatum
1758 3197 1887 3258 fuit
1906 3218 1921 3271 ;
1952 3200 2165 3276 petiit,
2207 3203 2285 3258 ut
2311 3197 2959 3277 condempnationem
2989 3218 3402 3260 cassaremus,
3435 3199 3568 3259 Nos

1111 3297 1337 3359 habito
1378 3297 1641 3358 consilio
1683 3295 2074 3357 Bonaccursi
2114 3295 2196 3356 de
2237 3295 2632 3375 Passignano
2672 3295 3318 3374 condempnationem
3361 3297 3566 3356 irrita·

1109 3416 1271 3456 mus,
1357 3394 1524 3456 Lata
1540 3395 1604 3455 in
1621 3393 1862 3472 palatio
1878 3394 2096 3471 populi
2115 3393 2305 3466 Flor„
2324 3391 2726 3472 presentibus
2741 3393 3055 3471 pat-tibae.
3119 3392 3564 3464 MCCLVHII,

1108 3494 1238 3553 ind.
1287 3492 1376 3563 ΙΙ,
1421 3493 1524 3552 die
1569 3493 1815 3553 veneris
1857 3491 1913 3550 V
1955 3493 2106 3550 intr.
2149 3496 2314 3570 sept.
2401 3490 2671 3551 Rozerio
2713 3489 3068 3551 Gerardini.
3109 3489 3566 3552 Ildebrandino

1102 3591 1187 3650 de
1216 3591 1395 3650 Vult.
1427 3590 1646 3669 Pagno
1674 3591 1908 3650 nuncio
1936 3587 2161 3667 populi
2189 3587 2357 3648 Flor.
2389 3595 2470 3648 tt.
2558 3586 2923 3649 Rebufatus
2950 3587 3033 3648 de
3061 3588 3265 3667 Regio
3286 3588 3566 3650 secunda

1104 3689 1245 3748 vico
1289 3693 1422 3749 not.
1468 3686 1689 3766 populi
1731 3686 1901 3751 Flor.
1945 3687 2334 3747 sententiam
2380 3688 2445 3747 in
2488 3688 2651 3746 actis
2693 3685 2914 3764 populi
2955 3687 3176 3765 scripsi
3218 3693 3287 3747 et
3325 3686 3559 3765 redegi.

1425 3784 1686 3846 Florem
1727 3785 1879 3846 Ast.
1928 3786 2117 3860 (Volt.
2163 3806 2222 3846 π.
2273 3785 2413 3862 750)
2457 3785 2630 3862 Oriq.

1104 4081 1238 4143 707.
2539 4082 2831 4151 Volterra,
2875 4078 2956 4139 18
2995 4080 3345 4155 September
3381 4079 3559 4142 1259.

1227 4178 1669 4249 MCCLVIIII,
1701 4179 1831 4239 iud.
1865 4178 1988 4249 ΙΙΙ,
2025 4178 2234 4240 XIIII
2269 4179 2395 4239 kal.
2442 4186 2567 4240 oct
2652 4179 2876 4240 Melior·
2915 4179 3302 4238 camerarius
3341 4176 3558 4239 Vult.

1101 4294 1267 4338 com
1288 4297 1324 4337 u
1346 4279 1469 4336 nis
1510 4296 1590 4336 ex
1631 4276 1842 4338 forma
1881 4279 2331 4338 stantiamenti
2372 4277 2620 4338 consilii
2647 4276 2958 4356 generalia
2983 4283 3053 4336 et
3082 4276 3212 4336 XX
3244 4274 3557 4336 bonorum

1246 4590 1286 4653 ¹)
1338 4588 1785 4638 Ildebrandinus.
2007 4589 2051 4652 ²)
2119 4589 2472 4648 mov-minen
2529 4591 2758 4640 Podcetd
2817 4606 2919 4639 von
2982 4590 3115 4639 Volt.
3181 4590 3257 4638 im
3317 4588 3555 4650 quicum

1097 4676 1265 4725 Jahre
1290 4679 1439 4726 1259.
