4000 5700
1042 536 1489 592 REGESTUM
1524 534 2212 592 VOLATERRANUM
2751 537 2854 595 170

399 735 613 809 Guffli,
657 735 979 796 Amaldus
1022 736 1248 807 Benni,
1292 733 1635 795 Catelanus
1681 733 2050 805 Rubaldini,
2095 733 2371 796 Iacobus
2413 734 2668 807 Beochi,
2699 734 2854 796 Leo·

400 835 638 895 nardus
680 833 966 905 Get-ardi,
1011 832 1302 893 Tudinus
1343 831 1761 901 Gualterocti,
1806 831 2125 893 Ranerius
2158 832 2550 906 Affricantis,
2581 832 2855 893 Danlu'el

402 931 637 1001 Biffoli,
683 929 1009 992 Mat-cheae
1050 929 1414 1003 crescentii,
1461 929 1816 1008 Righectus
1855 927 2189 1000 Tancredi‚
2221 927 2446 989 Gullus
2482 928 2855 999 Falconerii‚

402 1027 816 1108 Aringherius
857 1027 1189 1101 Maczuoli‚
1251 1027 1604 1088 Palmerius
1661 1026 2082 1100 Bonastrade,
2126 1026 2468 1087 Ranierius
2508 1026 2855 1088 Paltonerii

401 1127 496 1187 sui
538 1132 608 1187 et
648 1127 936 1186 comunis
978 1126 1319 1186 consiliarii
1360 1125 1654 1187 fecerunt
1695 1124 2102 1186 Albertinum
2143 1125 2252 1205 qd.
2299 1126 2466 1187 Pieri
2500 1126 2579 1186 de
2607 1125 2856 1187 Medico

400 1228 878 1302 procuratorem
921 1221 1003 1282 ad
1046 1222 1539 1301 protestandum
1581 1242 1796 1283 eoram
1840 1222 2167 1302 Pagano
2209 1241 2308 1302 ep.
2360 1242 2633 1284 comune
2674 1243 2855 1302 para·

401 1327 544 1382 tum
585 1323 722 1382 esse
763 1326 934 1397 stare
962 1321 1082 1381 iuri
1114 1321 1375 1399 Pagano
1403 1319 1525 1381 sub
1553 1320 1761 1381 iudice
1791 1321 2182 1399 competenti
2213 1318 2294 1379 de
2322 1321 2495 1380 omni
2524 1319 2638 1381 lite
2664 1339 2858 1400 super

401 1419 659 1479 doliana
700 1418 850 1479 salis
889 1418 1024 1479 sive
1067 1420 1397 1479 occasione
1432 1424 1769 1498 pactorum
1800 1419 2109 1480 initorum
2137 1419 2308 1479 inter
2335 1437 2605 1479 comune
2631 1425 2700 1479 et
2728 1421 2854 1498 epi·

401 1522 741 1594 scopatum
771 1516 869 1577 vel
901 1515 1236 1583 bonorum,
1282 1517 1535 1589 iul-ium,
1576 1516 1978 1595 placitorum,
2012 1517 2479 1595 impositorum,
2510 1515 2855 1591 detiorum,

400 1634 526 1693 que
556 1620 868 1691 occupat-e
895 1614 1219 1685 dicuntur,
1251 1619 1318 1676 et
1346 1615 1431 1675 ad
1459 1616 1949 1693 supponendum
1979 1634 2250 1676 comune
2278 1616 2665 1693 protectioni
2693 1635 2860 1695 pape

402 1720 465 1773 et
509 1712 660 1773 eccl.
708 1712 1018 1773 Romane.
1106 1713 1250 1774 Act.
1293 1712 1471 1774 Vult.
1517 1715 1703 1773 iuxta
1742 1718 2004 1793 pratum
2049 1714 2116 1773 in
2156 1711 2351 1773 domo
2391 1710 2711 1773 Bonfilioli
2747 1714 2854 1792 qd.

401 1810 724 1871 Tedeschi.
824 1810 1070 1871 Favilla
1111 1810 1220 1889 qd.
1268 1810 1620 1890 Federighi.
1667 1812 1921 1872 Barone
1978 1810 2085 1889 qd.
2131 1809 2442 1875 Simeonis
2484 1814 2565 1870 tt.
2671 1811 2856 1872 Bem-

402 1906 610 1969 bonus
652 1907 839 1968 Fred.
884 1910 1038 1987 imp.
1083 1917 1218 1969 not.

723 2005 990 2069 Florem
1030 2005 1182 2068 Ast.
1230 2005 1422 2084 (Volt.
1465 2007 1628 2069 1234
1655 2008 1694 2067 Ι
1722 2008 1780 2080 2,
1810 2027 1875 2068 n.
1906 2007 2052 2085 346)
2081 2008 2256 2086 Oriq.

404 2262 541 2322 514.
650 2244 658 2251 ⁴
1854 2260 2256 2333 Pomm-once,
2301 2260 2340 2321 5
2378 2260 2634 2321 Januar
2674 2259 2855 2322 1235.

525 2355 1062 2429 ΜΟΟΧΧΧΠΙῙ,
1120 2355 1253 2419 ind.
1308 2357 1496 2431 VIII,
1554 2377 1704 2418 non.
1750 2359 1876 2419 ian.
1974 2355 2349 2420 Albertinus
2403 2358 2512 2437 qd.
2560 2359 2724 2419 Pieri
2778 2344 2859 2420 de

405 2455 653 2516 Medico
680 2460 1059 2534 procurator
1086 2454 1378 2514 comunis
1406 2453 1583 2515 Vult.
1616 2455 1859 2516 veritus
1886 2473 1967 2515 ne
1998 2473 2132 2522 vos
2182 2456 2503 2533 Pagone
2544 2457 2856 2535 episcope.

406 2552 758 2614 molestet-is
799 2571 1088 2623 comune,
1134 2552 1346 2629 ipsum
1375 2550 1496 2612 sub
1528 2553 1921 2630 protectione
1950 2571 2115 2631 pape
2145 2571 2512 2631 supponens
2541 2558 2860 2632 protestor

406 2670 506 2712 me
546 2656 849 2729 paratum
890 2669 1026 2710 esse
1068 2657 1241 2710 stare
1284 2650 1404 2711 iuri
1443 2649 1565 2711 sub
1607 2650 1814 2711 iudice
1841 2651 2256 2729 competenti,
2288 2650 2524 2723 dicensi,
2555 2651 2731 2730 quod
2759 2670 2858 2712 co-

409 2767 598 2807 mune
639 2752 705 2806 et
745 2747 1079 2807 consilium
1125 2746 1280 2806 nihil
1322 2746 1615 2806 illicitum
1658 2749 2134 2808 commiserunt.
2235 2747 2377 2807 Act.
2428 2747 2514 2808 ad
2554 2747 2860 2827 Ripama-

407 2846 622 2907 rancia
662 2848 728 2906 in
771 2845 921 2907 ecel.
966 2865 1015 2905 s.
1064 2844 1305 2925 Angeli.
1390 2844 1703 2907 Seraceno
1743 2844 1853 2925 qd.
1898 2842 2212 2907 Schiacte.
2255 2845 2579 2908 Uctinello
2620 2845 2727 2926 qd.
2768 2845 2859 2908 Si·

408 2946 655 3005 mionis.
700 2943 1094 3005 Montanello
1133 2943 1241 3023 qd.
1286 2943 1616 3023 Mendrigi.
1651 2944 2021 3024 Mangiante
2049 2943 2158 3022 qd.
2190 2944 2540 3006 Pannochi.
2570 2943 2862 3007 Gnidone

405 3042 514 3120 qd.
560 3040 843 3101 Monaldi
885 3040 966 3100 de
1007 3039 1223 3102 Fosini
1265 3046 1347 3100 tt.
1434 3039 1730 3101 Matheus
1771 3045 1946 3102 auct.
1990 3043 2144 3118 imp.
2188 3046 2325 3101 not.

725 3139 984 3200 Florem
1014 3138 1162 3199 Ast.
1196 3138 1387 3217 (Volt.
1418 3139 1580 3200 1234
1608 3139 1646 3198 Ι
1675 3139 1733 3212 5,
1762 3158 1825 3199 n.
1855 3139 2001 3217 347)
2032 3139 2205 3218 Oriq.

407 3384 545 3444 515.
1979 3382 2263 3456 Florem,
2309 3383 2350 3443 8
2387 3383 2644 3445 Januar
2683 3383 2861 3445 1236.

528 3478 1064 3552 ΜΟΟΧΧΧΙῙΙΙ,
1109 3479 1341 3542 XVIII
1381 3479 2346 3562 ian„ind.V111.Sighe1-ius
2373 3481 2483 3561 qd.
2513 3480 2865 3543 Genuensis

408 3578 489 3640 dc
532 3579 708 3641 Vult.
751 3578 1039 3639 sindicus
1075 3576 1293 3640 Vult.
1339 3579 1626 3640 comunis
1667 3597 1886 3640 coram
1926 3577 2216 3640 Iohanne
2257 3577 2497 3641 Iudicis
2540 3579 2863 3641 Romano·

405 3696 549 3738 rum
592 3677 868 3750 consule,
914 3676 1084 3737 Flor.
1128 3682 1454 3756 potestate
1483 3681 1547 3755 ⁸),
1591 3678 1727 3737 eius
1775 3678 2040 3740 consilio
2094 3677 2374 3758 generali
2426 3684 2494 3739 et
2546 3678 2865 3758 prioribus

406 3781 805 3853 protestatus
845 3774 972 3835 fuit
1016 3794 1287 3837 comune
1327 3775 1505 3837 Vult.
1534 3775 1703 3836 nolle
1730 3783 1903 3837 stare
1932 3774 2199 3837 arbitrio
2229 3775 2584 3857 Compsgni
2626 3777 2863 3839 Bonas·

406 3873 557 3946 fedi,
603 3873 1012 3952 Uguiccionis
1052 3873 1399 3954 Paganelli.
1445 3873 1741 3935 Falconis
1779 3874 2040 3955 Ugolini
2081 3876 2361 3954 priorum
2418 3877 2656 3936 artium
2699 3877 2868 3937 inter

407 3989 678 4033 comune
718 3971 896 4032 Vult.
941 3976 1011 4032 et
1052 3991 1323 4033 comune
1353 3971 1575 4034 Sancti
1604 3973 1985 4045 Geminiani,
2016 3974 2172 4052 quia
2200 3973 2540 4036 Rainerius
2565 3974 2866 4035 Rustichi

408 4074 697 4147 potestas
720 4069 788 4144 ¹³),
833 4069 1164 4149 Galganus
1206 4070 1681 4148 Buonparentis
1721 4075 1788 4130 et
1831 4069 2143 4132 Oldifredi
2198 4069 2457 4132 Niccole
2510 4071 2865 4133 ambascia-

409 4174 579 4227 tores
620 4169 910 4227 oomunis
950 4166 1148 4240 Vult„
1192 4168 1306 4245 qui
1332 4169 1908 4247 compromiserunt
1936 4169 2005 4230 in
2032 4169 2292 4248 [πίοι-οε,
2327 4170 2708 4231 mandatum
2734 4189 2864 4231 non

406 4264 794 4336 habuerunt,
829 4272 895 4326 et
931 4268 1087 4344 quis.
1128 4268 1369 4344 priores
1410 4268 1716 4328 dixerunt-
1758 4266 2060 4340 ultra.id‚
2092 4268 2268 4347 quod
2307 4269 2592 4347 positum
2632 4267 2760 4329 fuit
2800 4270 2866 4330 in

406 4382 629 4424 eorum
685 4361 1005 4424 manibus.
1103 4363 1244 4425 Aet.
1289 4364 1357 4425 in
1415 4364 1541 4444 pal.
1590 4366 1883 4428 comunis
1936 4364 2106 4426 Flor.
2206 4364 2662 4428 Ildebrsndino
2718 4364 2865 4428 Gia-

411 4461 636 4523 ctonis.
683 4461 954 4521 Rustico
996 4461 1291 4523 Melioris.
1338 4461 1575 4523 Gianni
1616 4462 1991 4542 Malaspine.
2037 4463 2275 4525 Iacobo
2322 4463 2384 4524 N
2387 4465 2501 4524 asi.
2545 4464 2866 4526 Rainaldo

556 4678 596 4740 ¹)
633 4676 715 4726 Εἰ·
747 4692 863 4727 war
896 4676 1033 4727 noch
1067 4677 1297 4741 Ansanq
1346 4680 1487 4738 1235
1526 4680 1603 4729 im
1637 4680 1817 4734 Anu?
1849 4680 1991 4730 sidae
2037 4680 2265 4731 affamini
2310 4680 2440 4732 Doc.
2489 4696 2615 4744 paq.
2671 4680 2868 4733 LXII.

410 4767 454 4830 ³)
497 4767 634 4819 1234
674 4767 737 4817 in
782 4765 914 4818 Vola.
952 4764 1198 4820 Padum.
