4000 5700
1075 465 1149 518 62
1614 445 1619 451 ’
1720 463 2164 518 REGESTUM
2201 462 2887 518 voLATERRANUM

1083 661 1217 724 178.
2511 658 2866 732 Pnacium,
2914 660 2951 719 7
2989 659 3311 719 Dezember
3350 658 3531 720 1154.

1200 758 1714 837 Gregorius¹)
1760 759 1900 818 iuro
1944 777 2045 818 me
2088 756 2465 817 adiuturum
2522 754 2978 836 Galganum
3022 775 3122 835 ep.
3165 756 3344 818 Vult.
3386 775 3533 818 cum

1076 855 1379 917 omnibus
1405 855 1706 917 domibus
1739 863 1804 916 et
1843 854 2150 928 turribus,
2181 875 2345 933 quas
2372 854 2581 916 habeo
2607 854 2774 915 infra
2803 854 3135 916 castellum
3165 856 3387 918 Sancti
3415 853 3533 915 Ge·

1080 954 1367 1027 miniani,
1410 954 1491 1015 de
1533 955 1709 1015 omni
1749 973 1981 1034 guerra
2020 972 2166 1014 cum
2210 953 2356 1013 filiis
2399 952 2505 1031 qd.
2554 953 2918 1033 Rugerotti.
3014 954 3164 1015 Act.
3208 951 3536 1014 Puliciano

1078 1051 1249 1114 infra
1286 1052 1433 1112 eccl.
1478 1071 1528 1111 s.
1570 1051 1852 1113 Iohanni
1890 1049 2305 1130 evangeliste.
2404 1050 2655 1124 MCLV‚
2713 1052 2991 1129 septimo
3029 1050 3116 1111 id.
3160 1049 3531 1122 decembri&

1077 1149 1211 1210 ind.
1257 1150 1471 1211 tertia.
1557 1148 1752 1229 Hugo
1793 1149 1970 1211 Vult.
2011 1147 2399 1226 archipresb.
2430 1148 2776 1209 Lotharius
2804 1147 2911 1226 qd.
2944 1148 3320 1209 Hermanni.
3349 1150 3534 1209 Asse·

1079 1246 1240 1309 duto
1281 1247 1390 1327 qd.
1435 1246 1792 1308 Tebertelli.
1836 1247 2293 1326 Cacciaguerra
2346 1247 2454 1324 qd.
2499 1246 2871 1325 Signoretti.
2911 1246 3369 1308 Franciesckus
3412 1246 3532 1306 Iau-

1075 1345 1303 1407 censis.
1346 1346 1700 1425 Uguicione
1742 1344 1822 1406 de
1863 1345 1926 1405 la
1969 1345 2240 1407 Sckotta
2283 1350 2363 1404 tt.
2478 1343 2836 1404 Balduinus
2877 1364 2928 1404 s,
2973 1345 3118 1405 Lat.
3161 1343 3286 1422 pal.
3342 1343 3534 1405 iudex

1076 1450 1147 1505 et
1188 1450 1325 1505 not.
1369 1449 1438 1504 et
1478 1445 1635 1521 imp.
1678 1444 2021 1523 dignitatis
2061 1445 2295 1503 missus
2335 1449 2536 1522 atque
2575 1443 2770 1504 iudex
2814 1441 2947 1503 ord.

1412 1541 1564 1603 Volt.
1611 1542 1848 1603 AVo-sc.
1892 1561 1943 1601 8.
1989 1540 2139 1602 XII
2179 1540 2303 1601 dec.
2350 1540 2390 1601 6
2429 1561 2493 1600 η.
2539 1539 2621 1602 13
2660 1541 2832 1618 Oriq.

1084 1701 1217 1765 179.
2587 1701 2937 1775 FerentinO,
2981 1702 3020 1762 4
3061 1701 3314 1762 Oktober
3352 1699 3532 1760 1155.

1201 1799 1611 1878 Privilegium
1670 1800 2091 1876 protectionis
2147 1799 2494 1860 Adriani
2549 1799 2657 1860 IV
2713 1817 2829 1877 pro
2887 1818 3057 1860 mon.
3110 1818 3158 1858 s,
3211 1796 3536 1858 Michaelis

1078 1897 1144 1956 in
1187 1896 1456 1956 civitate
1497 1896 1733 1957 Pisana
1774 1895 2062 1959 Camald.
2105 1897 2241 1958 ord.
3135 1955 3140 1960 .

1410 1993 1564 2054 Volt.
1590 1993 1732 2053 AM
1735 1994 1902 2054 unic.
1950 1993 2147 2069 <Bone
2188 1993 2256 2054 di
2283 2013 2396 2054 rec.
2423 2013 2558 2070 acq.
2590 1993 2668 2052 II
2696 2012 2761 2053 n.
2794 1992 2897 2067 60)
2927 1992 3099 2070 Oriy.
3182 1991 3341 2053 Edd.
3383 1991 3534 2051 Mit-

1400 2091 1600 2152 tarelli
1634 2092 1754 2151 ΙΙΙ
1784 2092 1956 2168 App.
1989 2091 2111 2152 482
2138 2115 2218 2146 =
2244 2091 2468 2169 Miyne
2495 2089 2994 2152 CLXXXVIII
3019 2090 3199 2152 1436.
3230 2090 3380 2168 Req.
3409 2089 3533 2150 JL.

1401 2189 1620 2251 10092.
1673 2189 2021 2268 Verqleiche
2061 2189 2129 2249 K
2131 2189 2234 2249 ekr
2274 2189 2413 2250 602.

1087 2351 1219 2410 180.
2783 2345 2943 2424 (Vor
2981 2348 3063 2409 29
3104 2348 3287 2408 Mc'irz
3329 2348 3533 2423 1156).

1199 2445 1612 2508 Baroncellus
1650 2447 1946 2508 Senensis
1988 2453 2056 2507 et
2099 2447 2497 2525 Lanprectus
2526 2447 2949 2507 vulterranus
2977 2442 3341 2509 laudatores
3371 2448 3539 2507 inter

1078 2542 1536 2622 Galganum
1579 2544 1757 2606 Vult.
1800 2564 1900 2622 ep.
1945 2551 2014 2605 et
2056 2546 2357 2606 comitem
2402 2543 2965 2607 Pannochiam
2995 2547 3038 2620 ⁵)
3081 2546 3339 2605 nomine
3380 2562 3535 2622 quo·
3577 2623 3578 2626 Ἴ

1080 2641 1353 2702 tundam
1396 2641 1727 2703 hominum
1773 2643 1907 2702 sive
1962 2640 2353 2713 colonorum,
2398 2642 2511 2718 qui
2564 2640 2806 2702 fuerint
2857 2640 3403 2701 vicedominorum
3459 2638 3538 2700 de

1081 2739 1295 2798 Massa
1315 2745 1382 2798 et
1410 2743 1563 2798 sunt
1590 2740 1658 2799 in
1685 2737 2004 2811 GerfalcO,
2047 2739 2522 2807 constituimu8‚
2553 2743 2630 2797 ut
2658 2738 2995 2800 Widoctus
3022 2737 3444 2798 vulterranus
3472 2743 3538 2798 et

1084 2834 1423 2897 Monaldus
1464 2835 1546 2896 de
1587 2835 1802 2897 Fosini
1842 2834 2032 2896 abinc
2075 2835 2160 2896 ad
2204 2841 2506 2897 octavam
2549 2834 3026 2896 resurrectionis
3050 2836 3096 2911 ⁸)
3141 2834 3430 2896 homines
3471 2841 3538 2895 et

1080 2935 1509 3012 possessiones
1550 2936 1617 2995 in
1658 2934 1920 2995 castello
1960 2934 2042 2994 de
2083 2932 2378 2994 Gerfalca
2419 2933 2735 2994 dividant.

1408 3031 1565 3093 Vola.
1596 3030 1834 3092 AVesc.
1868 3031 2038 3109 App.
2080 3050 2131 3092 8.
2163 3030 2309 3091 XII
2340 3031 2514 3108 Galq.
2547 3051 2609 3091 n.
2655 3030 2695 3091 5
2736 3031 2907 3110 Oriq.
2942 3031 3264 3109 (Minuta).
3357 3031 3539 3092 Liber

1402 3131 1644 3191 iuriam
1683 3129 1766 3191 13
1804 3130 1904 3190 cit.

1091 3292 1223 3354 181.
2671 3289 2965 3367 Gerfalw,
3008 3289 3090 3351 29
3130 3289 3316 3349 Μᾶνκ
3357 3289 3534 3351 1156.

1205 3389 1564 3451 Conventio
1611 3388 1987 3449 concordiae
2043 3390 2211 3448 inter
2256 3406 2357 3467 ep.
2412 3385 2866 3469 Galganum
2922 3395 2991 3448 et
3033 3393 3289 3449 contem
3331 3388 3535 3449 Pano·

1081 3488 1315 3548 chiam.
1363 3487 1481 3565 Ep.
1527 3487 1776 3566 accepit
1810 3487 1983 3548 illam
2012 3494 2264 3565 partem
2293 3486 2374 3547 de
2405 3486 2590 3547 bonis
2619 3485 3167 3547 vicedominorum
3194 3485 3278 3546 de
3304 3486 3536 3558 Massa,

1081 3606 1283 3664 quam
1326 3586 1438 3646 filii
1477 3585 1721 3646 Imelde
1761 3588 1830 3646 in
1868 3585 2183 3646 divisione
2225 3605 2265 3645 a
2305 3585 2452 3645 filiis
2491 3583 2681 3645 Pierli
2711 3586 2778 3645 in
2806 3590 2987 3645 curte
3018 3583 3338 3646 Gerfalchi
3365 3603 3538 3645 aoce-

1083 3691 1334 3762 perant,
1380 3702 1546 3761 quae
1600 3685 1800 3744 curtis
1854 3688 2046 3745 tanta
2097 3668 2395 3760 partibus
2447 3684 2751 3761 pertinet,
2795 3688 3047 3762 quanta
3100 3703 3140 3742 a
3194 3684 3433 3743 comite
3470 3689 3538 3743 et

1086 3781 1251 3843 VIII
1295 3780 1686 3842 iuratoribus
1726 3787 1826 3842 est
1867 3782 2333 3851 demonstrata,
2377 3786 2446 3841 et
2487 3800 2588 3858 ep.
2633 3779 2826 3840 debet
2882 3800 2962 3844 ea
3012 3799 3128 3859 per
3165 3780 3537 3842 Widoctum

1087 3879 1545 3943 Vulterranum
1585 3886 1653 3941 et
1693 3878 2110 3942 Cadolectum
2151 3878 2437 3941 dividere
2477 3885 2547 3939 et
2587 3897 2800 3939 comes
2841 3897 3038 3957 quam
3080 3885 3335 3957 partem
3382 3877 3540 3938 velit

1083 3979 1385 4056 accipere.
1430 3978 1553 4057 Ep.
1594 3977 1790 4038 debet
1817 3981 2546 4054 restauramentum-pro
2574 3983 2781 4054 parte,
2812 3995 3009 4054 quam
3037 3976 3119 4037 de
3143 3976 3337 4039 dietis
3357 3976 3541 4038 bonis

1083 4077 1336 4154 accepit
1375 4077 1444 4138 in
1485 4072 1902 4138 laudamento
1945 4074 2309 4152 Lamprecti
2365 4080 2435 4135 et
2490 4073 2848 4135 Baroncelli
2890 4074 3202 4147 Senensi&
3248 4075 3401 4136 dare
3455 4074 3542 4135 ad

1082 4175 1351 4234 tertium
1394 4174 1565 4235 diem
1603 4178 1754 4251 post
1795 4171 1923 4233 kal.
1970 4172 2170 4235 madii
2211 4171 2311 4233 vel
2340 4178 2669 4232 octavum.
2700 4171 2763 4233 Si
2792 4170 3162 4233 laudatores
3187 4172 3270 4234 de
3295 4176 3539 4233 restau-

1086 4278 1385 4333 ramento
1422 4270 1954 4343 discordaverint,
1987 4270 2314 4331 observari
2340 4269 2553 4342 debet,
2586 4270 2762 4349 quod
2788 4269 3112 4331 Iohannes
3146 4269 3229 4330 de
3256 4269 3540 4332 Lomena
3605 4322 3613 4331 .

1082 4370 1424 4442 statuerit;
1468 4369 1684 4430 omnia
1723 4375 1921 4447 pacta
1960 4369 2131 4428 inter
2171 4367 2317 4428 eccl.
2361 4367 2539 4429 Vult.
2582 4373 2650 4427 et
2694 4367 3087 4429 Panochiam
3142 4368 3224 4428 de
3276 4369 3542 4430 castello

1230 4595 1271 4658 ¹)
1307 4594 1464 4645 Sidae
1501 4610 1558 4644 n.
1596 4597 1714 4646 164.
1756 4596 1873 4645 173.
2023 4595 2065 4660 ²)
2103 4594 2311 4646 Raincr
2344 4595 2419 4645 ΙΙ
2453 4594 2814 4657 Ραηηοωῆία,
2845 4612 2888 4645 ε.
2921 4612 2974 4645 π.
3009 4597 3132 4648 164.
3175 4598 3296 4656 165,
3326 4594 3540 4648 Busan

1082 4683 1306 4745 Bischol
1342 4683 1594 4746 Galatam.
1739 4684 1783 4747 ³)
1814 4685 1935 4734 Fiet
1974 4686 2115 4737 1156
2139 4687 2238 4747 auf
2271 4685 2374 4735 den
2412 4687 2479 4739 22
2518 4684 2697 4748 April.
