4000 5700
1062 533 1506 590 REGESTUM
1544 534 2286 638 VOLATERRANUM—
2799 537 2869 588 89

416 631 1013 638 --——...---——————-——
1118 632 1199 637 ——-—
1172 632 1275 637 —-
1294 633 1331 637 -..
1366 632 1529 637 ———

412 733 547 793 256.
1774 729 2265 804 Montalcinello,
2310 731 2351 792 8
2393 730 2649 792 Oktober
2687 733 2863 795 1201

527 827 751 900 MCCI,
796 827 962 889 VIII
1005 829 1091 890 id.
1135 836 1285 902 oct„
1330 830 1458 889 ind.
1503 828 1577 889 V.
1676 828 2320 905 Ild(ebrandus)
2368 830 2541 891 Vult.
2587 850 2683 909 ep.
2730 852 2862 892 mo-

410 928 646 991 nachos
687 946 733 988 s
779 925 1056 1007 Galgani
1095 926 1473 988 confessoris
1517 928 1583 988 in
1624 927 1786 987 silva
1816 929 2055 987 montis
2085 926 2338 988 Scebbii
2368 928 2499 988 ord.
2531 928 2862 990 Clarevawll

405 1025 528 1086 sub
570 1033 794 1086 nostra
833 1024 1230 1104 protectione
1270 1026 1653 1104 suscipimus
1697 1033 1762 1086 et
1808 1027 1980 1087 bona
2032 1025 2503 1087 confirmamus.
2609 1028 2753 1087 Act.
2799 1029 2864 1090 in
2941 1021 2942 1026 ’

408 1122 690 1199 quodam
735 1130 879 1182 orto
920 1123 1106 1184 iuxta
1145 1122 1479 1184 castellum
1523 1122 1766 1183 Montis
1805 1122 2011 1196 Ilcini‚
2044 1123 2419 1203 episcopatu
2456 1132 2523 1185 et
2552 1126 2866 1188 comitato

409 1217 582 1280 Vult.
639 1239 853 1280 coram
885 1219 1059 1280 Luca
1102 1218 1340 1282 abbate
1380 1240 1427 1280 s.
1476 1220 1660 1280 Pauli
1702 1220 1781 1281 de
1825 1221 2004 1281 Pisis.
2048 1222 2228 1283 Luca
2253 1222 2463 1300 priore
2505 1222 2585 1283 de
2624 1222 2862 1284 Discal-

405 1318 539 1376 ziis.
585 1315 1016 1377 Florentiecto
1058 1318 1384 1395 preposito
1425 1317 1505 1379 de
1545 1316 1810 1379 Casulis.
1856 1315 2030 1377 Azzo
2071 1316 2347 1396 plebano
2388 1319 2469 1379 de
2510 1317 2862 1379 Sorsciano.
2957 1379 2964 1384 .

408 1414 712 1493 magistro
754 1414 1014 1475 Ruffolo
1055 1414 1136 1476 de
1178 1417 1528 1491 Ancona').
1574 1415 1779 1494 presb.
1814 1414 2156 1477 Guilielmo
2181 1417 2461 1494 episcopi
2490 1414 2864 1495 cappellano

406 1519 473 1573 et·
515 1531 654 1574 can.
698 1512 780 1573 de
821 1514 1148 1587 Cesena’).
1233 1513 1630 1575 Crescentius
1676 1514 1807 1574 ord.
1855 1514 2068 1574 iudex.

729 1611 882 1672 Volt.
930 1609 1238 1670 AMum’c.
1289 1611 1458 1686 (Doc.
1503 1619 1673 1688 spect.
1717 1633 1758 1672 a
1807 1611 1964 1673 Vott.
2011 1631 2070 1688 p.
2116 1612 2156 1670 I
2182 1610 2323 1683 filza
2353 1612 2391 1670 Ι
2428 1611 2663 1689 Mica).
2708 1611 2858 1689 Cep.

723 1728 770 1768 8.
797 1707 984 1767 XIII
1014 1707 1164 1768 med.
1235 1708 1431 1768 Siena
1474 1709 1626 1770 Ast.
1660 1709 1896 1788 Galeffo
1923 1709 1991 1768 di
2019 1729 2066 1768 8.
2100 1709 2381 1786 Galqano
2414 1710 2448 1769 l
2481 1710 2524 1786 s.
2570 1709 2669 1770 14¹
2708 1709 2858 1787 Cop.

724 1825 840 1865 von
883 1805 1058 1865 1320.
1132 1805 1390 1865 Florenz
1431 1805 1581 1867 Ast.
1632 1805 1815 1880 (Volt.
1862 1826 1921 1866 n.
1968 1805 2072 1882 57)
2117 1805 2268 1884 Cop.
2313 1826 2430 1866 von
2472 1807 2650 1868 1335.
2682 1807 2863 1867 Liber

725 1904 966 1964 iurium
1014 1903 1110 1963 10'
1151 1905 1248 1963 cit.
1335 1904 1491 1964 Edd.
1542 1904 1791 1982 Uqhelli
1822 1907 1841 1935 ⁸
1873 1904 1908 1963 I
1951 1904 2113 1965 1445
2153 1925 2228 1964 zu
2273 1905 2449 1966 1208.
2495 1904 2863 1966 Οαπεείνείὶί

728 2001 1004 2062 Abbazia
1047 2001 1115 2061 cli
1156 2000 1222 2060 S.
1270 2001 1442 2078 Θαὶς.
1488 2002 1625 2062 107.

404 2196 542 2258 257.
1935 2197 2258 2274 Quartam,
2305 2197 2641 2257 November
2682 2197 2856 2258 1201.

524 2293 747 2356 MCCI.
794 2313 964 2365 nov„
1009 2293 1137 2353 ind.
1183 2293 1254 2353 V.
1340 2292 1732 2355 Guiliecione
1773 2301 1839 2354 et
1882 2294 2199 2372 Rugerius
2244 2294 2497 2355 Viviani
2540 2300 2606 2354 et
2639 2295 2859 2354 Berar-

404 2393 595 2453 dinus
614 2392 912 2455 Chiarelli
939 2412 1091 2452 cons
1062 2393 1229 2453 sules
1250 2400 1315 2453 et
1338 2413 1394 2453 rt
1388 2399 1613 2454 ctores
1642 2395 1834 2453 castri
1863 2393 1945 2453 de
1971 2393 2020 2454 C
2038 2393 2108 2453 ol
2129 2392 2197 2454 le
2233 2400 2300 2453 et
2331 2393 2690 2472 Rugerinus
2711 2394 2859 2455 Gia-

404 2489 552 2549 nelli
595 2508 800 2550 novus
843 2488 1140 2550 dominus
1182 2496 1251 2549 et
1288 2495 1497 2550 rector
1537 2491 1737 2568 ipsius
1779 2491 2063 2550 iuramus
2119 2497 2336 2551 tenere
2390 2508 2615 2568 pacem
2660 2490 2858 2552 homi-

403 2588 594 2649 nibus
634 2589 827 2649 castri
865 2588 949 2647 de
987 2589 1278 2649 Casule
1320 2589 1402 2648 de
1430 2587 1760 2649 maleficiis
1791 2605 1991 2667 usque
2019 2589 2210 2649 modo
2241 2589 2408 2649 inter
2435 2608 2552 2651 nos
2579 2589 2767 2651 factis
2796 2593 2862 2648 et

403 2686 654 2748 salvare
693 2705 815 2747 eos
862 2684 1225 2765 Rugerinus
1265 2686 1423 2757 iure,
1455 2685 1631 2764 quod
1659 2683 1800 2747 illos
1827 2685 1942 2756 VI,
1971 2705 2136 2765 quos
2163 2705 2481 2747 vocavero
2514 2687 2597 2747 ad
2628 2685 2861 2747 facien-

403 2784 559 2844 dum
602 2783 1025 2845 constitutum
1071 2781 1380 2855 comunis,
1424 2782 1631 2843 iurare
1670 2781 1925 2857 faciam,
1970 2784 2148 2863 quod
2183 2783 2361 2843 istud
2387 2782 2743 2863 capitulum
2771 2784 2862 2844 ibi

402 2880 642 2944 facient
684 2880 971 2952 scribere,
1016 2886 1091 2941 ut
1130 2883 1219 2942 sic
1263 2888 1604 2943 teneantur
1644 2878 1931 2942 consules
1974 2882 2073 2941 vel
2115 2881 2414 2942 dominus
2454 2881 2539 2942 ad
2583 2883 2857 2944 XXIIII

402 2999 620 3041 annos.
667 2978 735 3041 Si
774 2979 1064 3040 consules
1105 2980 1203 3039 vel
1248 2978 1581 3040 dominum
1623 2987 1777 3040 ante
1820 3000 2032 3041 meum
2071 2979 2418 3041 terminum
2449 2982 2705 3068 mittere
2730 3001 2859 3042 non

401 3096 673 3156 possem.
716 3075 946 3156 eligam
990 3079 1125 3139 XII
1170 3076 1372 3139 bonos
1413 3077 1703 3138 homines
1743 3076 1830 3138 ad
1856 3077 2083 3139 eadem
2119 3075 2405 3139 iuranda.
2493 3078 2631 3139 Hec
2661 3078 2859 3157 preci·

401 3176 575 3253 piam
617 3175 987 3237 hominibus
1026 3176 1105 3236 de
1145 3175 1336 3248 Colle,
1380 3174 1495 3254 qui
1535 3174 1692 3235 mihi
1721 3181 2124 3237 sacramento
2153 3174 2250 3236 vel
2280 3174 2657 3255 pignoribus
2687 3181 2846 3239 tene·

402 3271 646 3335 buntur
668 3281 736 3334 et
757 3292 918 3351 quos
948 3274 1377 3351 constringere
1403 3276 1646 3349 poter-0,
1680 3279 1747 3333 et·
1778 3273 1987 3333 iurare
2012 3272 2249 3333 faciam
2279 3274 2507 3333 rectori
2536 3273 2618 3334 de
2646 3280 2858 3333 castro

402 3388 574 3432 novo
613 3376 681 3431 et
720 3377 932 3432 castro
975 3369 1229 3431 abbatis
1271 3376 1337 3430 et
1380 3370 1676 3432 omnibus
1706 3370 2079 3444 rectoribus,
2102 3371 2215 3449 qui
2244 3370 2853 3450 apparebuntssolli.

404 3470 505 3530 Ad
546 3469 709 3531 VIII
753 3469 894 3531 dies
934 3470 1161 3548 eligam
1204 3468 1521 3530 arbitrum
1563 3476 1826 3547 propter
1864 3487 2207 3530 commune
2249 3467 2577 3548 negotium
2619 3476 2857 3529 castro·

401 3588 542 3628 rum
586 3569 667 3630 de
704 3567 878 3629 Colle
919 3574 981 3628 et
1025 3566 1269 3639 casule,
1317 3573 1388 3627 ut
1432 3565 1517 3627 sit
1573 3566 1862 3645 provisor
1915 3567 2130 3628 litium
2185 3567 2267 3628 de
2321 3568 2598 3637 intratis,
2644 3564 2855 3626 malle-

400 3666 613 3737 variis,
658 3667 1048 3745 prestantiis,
1093 3665 1421 3744 depositis,
1464 3667 1646 3726 cuius
1687 3665 1952 3727 laudum
1981 3664 2216 3726 faciam
2247 3664 2586 3725 observare
2615 3684 2729 3743 per
2755 3683 2855 3723 ca-

397 3764 702 3826 stellanos
731 3765 811 3825 de
836 3764 1040 3836 Colle;
1072 3764 1427 3842 capitulum
1457 3763 1538 3823 de
1567 3762 1809 3824 arbitro
1836 3763 2072 3824 faciam
2104 3764 2359 3823 mittere
2386 3761 2453 3823 in
2481 3764 2853 3825 constituto.

402 3863 838 3942 Exceptamus
878 3863 1180 3922 comitem
1223 3860 1776 3934 Ildobrandinum,
1809 3861 1992 3935 filios,
2026 3879 2273 3934 uxores,
2307 3862 2607 3921 comit-em
2637 3859 2854 3920 Alber-

402 3968 566 4033 tum,
608 3957 791 4033 filios,
832 3978 1080 4029 uxores,
1127 3957 1548 4031 Florentium,
1579 3959 1908 4031 Senenses‚
1940 3978 2161 4020 omnes
2189 3957 2424 4038 quibus
2454 3965 2859 4018 sacramento

399 4066 707 4121 tenemur.
793 4061 934 4120 Act.
982 4058 1153 4138 apud
1197 4058 1341 4119 eccl.
1388 4058 1467 4118 de
1515 4057 1833 4129 Quartaia
1911 4077 2127 4118 coram
2180 4057 2459 4136 Ugolino
2516 4055 2853 4118 Dominici.

399 4158 652 4219 Mancio
672 4156 776 4236 qd.
809 4156 1170 4218 GualconiS.
1206 4156 1492 4217 Ventura
1523 4156 1808 4218 Berardi.
1841 4156 2222 4217 Guerruceio
2244 4154 2450 4217 Cordi.
2537 4154 2856 4216 Gerardus

399 4255 672 4334 scriptor
711 4261 777 4315 et
818 4262 949 4314 not.
996 4253 1077 4314 de
1119 4252 1430 4315 mandato
1470 4253 1786 4316 Albertini
1840 4253 2137 4314 Chiarelli
2194 4254 2274 4314 de
2327 4252 2499 4314 Colle
2554 4257 2624 4312 et
2662 4247 2853 4312 Aldo·

399 4351 699 4413 brandini
740 4352 1041 4412 Rainaldi
1082 4351 1164 4412 de
1202 4350 1429 4412 Casule
1457 4350 1843 4412 arbitrorum
1873 4351 2222 4411 electorum
2247 4344 2295 4410 'a
2320 4350 2584 4410 domino
2612 4355 2680 4409 et
2707 4368 2853 4412 con-

397 4446 641 4512 sulibus
680 4450 763 4509 de
782 4450 971 4512 Colle.
994 4457 1063 4510 et
1092 4469 1132 4510 a
1157 4448 1438 4510 Ranerio
1467 4449 1932 4513 Carninventre
1960 4447 2222 4510 domino
2250 4448 2330 4508 de
2358 4447 2587 4509 Casule
2616 4447 2851 4525 scripsi.

717 4546 883 4609 Colle
925 4546 1157 4608 AGom.
1207 4546 1722 4608 Instrumentario
1764 4547 1800 4606 I
1845 4543 1901 4606 6'
1942 4545 2094 4621 Cop.
2137 4564 2186 4606 ε.
2234 4544 2423 4604 XIII
2465 4544 2618 4605 med.

543 4758 585 4819 ¹)
625 4756 814 4806 Ancon
849 4755 1020 4805 haben
1054 4755 1157 4803 a'.'e
1195 4756 1227 4804 3
1266 4752 1486 4815 Copien.
1634 4751 1678 4815 ³)
1716 4754 1927 4803 Cosena
1967 4752 2097 4815 Cop.
2138 4752 2321 4802 δέραια.
