4000 5700
1098 512 1544 568 REGESTUM
1582 512 1742 567 VOL
1750 512 2273 568 ATERRANUM
2808 514 2912 570 175

444 710 606 770 tatis
647 727 852 787 nuper
892 707 1068 770 facte
1123 709 1191 769 in
1244 714 1458 770 castro
1512 729 1623 771 seu
1683 729 1827 770 arce
1869 709 1950 771 de
1992 710 2216 770 Monte
2264 710 2614 771 Vulteraio.
2702 711 2918 772 Giam-

446 805 678 868 bonus
768 904 1029 966 morem
1071 903 1225 965 Ast.
1274 905 1468 981 (Vola.
1512 925 1577 966 n.
1635 905 1779 982 341)
1839 905 2014 983 Oriq.
2113 905 2231 966 Ed.
2276 905 2536 967 Sontini
2577 905 2725 966 Doc.
2779 905 2919 968 406.

445 1151 589 1211 499.
1701 1149 1986 1214 Florem.
2030 1148 2111 1210 25
2153 1148 2287 1210 und
2324 1149 2403 1210 31
2448 1150 2698 1227 Aaou&
2736 1149 2920 1213 1233.

578 1249 875 1310 Potestas
897 1254 960 1310 et
985 1248 1331 1308 consiliarii
1351 1246 1521 1308 Flor.
1554 1267 1595 1307 a
1622 1245 2060 1326 potestatibus
2086 1247 2142 1309 V
2164 1246 2306 1308 ult.
2349 1252 2418 1307 et
2459 1247 2501 1308 S
2518 1266 2663 1308 ane
2680 1249 2742 1308 ti
2787 1248 2920 1309 Ge-

448 1346 716 1409 miniani
761 1346 985 1409 arbitri
1030 1347 1354 1425 eliguntur
1393 1351 1462 1406 et
1504 1344 1797 1407 laudant.

770 1444 1031 1507 Florem
1071 1443 1225 1506 Ast.
1275 1443 1466 1521 (Volt.
1512 1444 1674 1505 1233
1726 1442 1902 1505 VIII
1944 1444 2046 1517 25,
2075 1463 2142 1504 n.
2172 1444 2317 1522 341)
2347 1443 2524 1520 Oriq.
2606 1444 2726 1504 Ed.
2756 1443 2923 1506 San·

770 1544 892 1603 tini
934 1542 1085 1603 Doe.
1132 1541 1270 1603 406.

445 1739 592 1800 500.
1907 1736 2283 1814 (Meuia-i),
2328 1736 2411 1798 29
2451 1738 2702 1814 Auqzmt
2734 1737 2921 1800 1233.

570 1834 1074 1908 MOCXXXIII,
1105 1834 1251 1896 1111
1280 1835 1409 1896 kal.
1441 1840 1583 1907 set„
1613 1834 1746 1895 ind.
1778 1832 1893 1896 VI.
1978 1833 2034 1894 P
2054 1854 2365 1914 aganus
2404 1835 2582 1898 Vult.
2615 1854 2714 1914 ep.
2743 1836 2925 1896 inve·

446 1935 635 1995 stivit
678 1935 814 1995 iure
855 1933 1034 1994 feudi
1076 1932 1510 1995 Lanfrancum
1552 1938 1619 1992 et
1661 1932 1902 1993 Ursum
1946 1951 2049 2012 33.
2094 1931 2205 2011 qd.
2252 1934 2426 1995 Pet-ri
2467 1933 2548 1993 de
2591 1934 2825 2012 podere
2852 1939 2922 1994 et

451 2034 810 2093 tenimento
831 2032 984 2093 olim
1015 2050 1303 2110 possesso
1334 2050 1446 2110 per
1472 2029 1939 2093 Montanellum
1969 2028 2051 2090 de
2080 2029 2346 2092 Bibone.
2430 2032 2626 2091 Act.
2608 2051 2675 2092 m
2703 2031 2921 2110 platea

456 2136 606 2209 post
634 2129 784 2190 eccl.
816 2149 867 2189 8.
899 2127 1210 2189 Nicholai.
1294 2126 1513 2189 Presb.
1548 2127 1864 2189 Gnidone.
1894 2127 2116 2188 Presb.
2147 2127 2395 2209 Ugone.
2432 2128 2806 2209 Mangiante
2836 2134 2920 2189 tt.

453 2227 733 2288 Mittone
776 2233 911 2288 not.

779 2324 938 2387 Vozt.
986 2324 1227 2386 AVeec.
1275 2343 1328 2384 8.
1372 2322 1563 2384 XIII
1605 2322 1728 2384 dee.
1776 2324 1814 2383 4
1851 2344 1913 2385 n.
1946 2323 2029 2384 13
2061 2322 2235 2399 Oriq.
2268 2321 2450 2383 Liber
2475 2322 2720 2383 iuriam
2748 2322 2788 2382 8
2813 2324 2917 2388 cit.

452 2574 598 2633 501.
1195 2607 1198 2610 ·
1993 2572 2273 2644 Florem,
2317 2572 2395 2632 31
2441 2573 2692 2650 Any-ast
2733 2572 2914 2632 1233.

578 2671 878 2732 Potestas
918 2670 1085 2731 Flor.
1131 2670 1374 2731 arbiter
1402 2672 1570 2731 inter
1598 2672 1896 2731 comunia
1938 2670 2158 2730 Vult.
2202 2677 2269 2731 et
2318 2669 2609 2753 Sajncti
2665 2669 2917 2730 Gemi-

449 2770 682 2830 niani
725 2767 989 2829 laudum
1032 2769 1170 2829 dat.

784 2866 915 2927 Wie
955 2887 1019 2928 n.
1064 2867 1201 2928 498.
1286 2867 1406 2927 Ed.
1453 2867 1712 2928 Sontini
1749 2867 1900 2927 Doc.
1945 2867 2231 2928 407-409.

448 3114 593 3173 502.
1657 3115 1875 3175 Monte
1922 3113 2219 3191 Voltraqo,
2268 3116 2304 3174 7
2342 3113 2693 3192 September
2731 3113 2916 3175 1233.

577 3209 1071 3272 Ildebrandinus
1112 3212 1194 3272 de
1236 3203 1480 3272 Solatio
1522 3218 1589 3272 et
1634 3211 1857 3272 Gullus
1916 3210 2024 3291 qd.
2070 3210 2663 3273 Cavalcalambardi
2704 3217 2915 3291 prote·

449 3315 714 3370 etant-ur
754 3310 1080 3370 custodias
1120 3311 1412 3370 comunis
1474 3309 1762 3370 Sancti
1830 3309 2299 3369 Geminiani
2355 3308 2714 3387 impedisse,
2758 3327 2915 3387 quo·

454 3408 669 3467 minus
708 3426 789 3467 ex
830 3406 1024 3467 laudo
1064 3408 1412 3486 potestatis
1454 3405 1621 3467 Flor.
1668 3425 1921 3467 roccam
1966 3406 2206 3466 Montis
2248 3404 2502 3466 Vultrai
2541 3409 2915 3485 reciperent.

856 3505 1115 3566 Florem
1161 3504 1317 3566 Ast.
1365 3504 1558 3581 (Volt.
1605 3522 1669 3564 n.
1698 3503 1843 3582 342)
1888 3503 2066 3579 Oriy.
2147 3503 2265 3566 Ed.
2295 3503 2553 3565 Sontini
2593 3502 2745 3564 Doc.
2774 3503 2917 3564 409.

452 3735 597 3795 503.
1949 3734 2189 3808 Studio,
2233 3735 2317 3796 30
2354 3734 2693 3797 November
2733 3735 2912 3797 1233.

578 3832 1079 3906 MOOXXXIII,
1124 3832 1231 3894 III
1274 3833 1403 3893 kal.
1447 3833 1608 3904 dee„
1652 3833 1785 3894 ind.
1818 3833 1966 3894 VII.
2051 3833 2431 3913 Paganus
2472 3853 2573 3913 ep
2603 3833 2782 3896 Vult.
2814 3833 2915 3895 Ia·

452 3930 690 3991 cobum
732 3930 842 4009 qd.
888 3930 1208 3993 Pincionis
1252 3949 1400 3991 cum
1442 3929 1855 4009 cappapelle¹
1867 3934 1886 4006 )
1917 3930 1998 3990 dc
2027 3949 2144 3991 suo
2185 3929 2379 3992 feudo
2419 3931 2711 4010 antiqu0,
2741 3929 2918 4009 quod

457 4026 687 4088 habuit
729 4027 814 4088 ab
856 4031 1229 4108 episcopatu
1273 4027 1497 4102 Vult.,·
1523 4029 1878 4097 investivit,
1925 4027 2166 4088 scilicet
2194 4028 2273 4088 de
2302 4027 2627 4089 casalino
2611 4047 2677 4088 1n
2707 4034 2916 4089 castro

455 4122 540 4183 de
583 4122 851 4195 Bibone,
895 4124 1069 4202 petio
1111 4129 1278 4186 terre
1321 4143 1360 4183 a
1403 4125 1459 4183 le
1500 4122 1884 4196 Tramarice,
1929 4122 2057 4185 alio
2099 4125 2165 4183 in
2209 4124 2345 4184 loco
2376 4121 2623 4196 '’Ische‚
2655 4130 2919 4184 tenente

454 4221 525 4281 in
564 4220 818 4282 machia
860 4220 939 4281 de
992 4221 1218 4282 Ischie.
1325 4222 1470 4282 Act.
1529 4223 1594 4281 in
1649 4222 1931 4282 claustro
1987 4219 2192 4299 plebis
2246 4222 2326 4281 de
2381 4221 2607 4282 Stadio
2700 4240 2917 4282 coram

450 4317 817 4380 Lanfranco
858 4319 1200 4380 archidiac.
1232 4318 1411 4382 Vult.
1457 4319 1808 4380 Benedicto
1837 4318 2078 4379 abbate
2118 4319 2200 4379 de
2242 4319 2450 4380 Elmo.
2478 4318 2747 4380 Alberto
2788 4318 2918 4399 ple·

453 4416 625 4479 bano
666 4417 841 4478 dicte
883 4415 1106 4497 plebis.
1192 4417 1514 4478 Iohannes
1559 4424 1695 4477 not.

785 4514 938 4579 Volt.
983 4515 1226 4578 AVeec.
1270 4535 1323 4576 8.
1351 4514 1541 4574 XIII
1569 4515 1693 4577 dec.
1738 4516 1776 4576 4
1819 4535 1881 4577 n.
1924 4515 2005 4576 14
2046 4514 2219 4590 Θήρ.

602 4719 643 4783 ¹)
680 4718 983 4782 Eiqenuioh
1018 4735 1198 4786 cappa
1236 4719 1412 4785 pellis,
1453 4722 1823 4773 ‘Ledermatze
1846 4720 1878 4772 ’.
