4000 5700
1149 553 1265 606 ‘32ss
1797 546 2247 603 REGESTUM
2282 547 2974 603 VOLATERRANUM

1477 744 1628 806 Juli
1668 745 1751 805 12
1793 743 2257 821 (Bernardinus
2314 742 2506 803 Fredi
2558 743 2637 802 de
2695 742 2939 803 casulis
2980 748 3113 803 not.
3172 743 3254 802 de
3311 743 3620 803 mandato

1477 841 1938 919 Guilglielmini
1978 841 2062 902 de
2104 840 2350 902 Rubeis
2392 840 2473 901 de
2500 838 2740 901 Parma
2763 839 3010 900 Lucani
3036 845 3172 918 pot.
3203 847 3267 899 et
3300 837 3621 918 Raynaldi

1476 940 1558 1001 de
1599 939 1920 1001 Montorio
1963 939 2250 1017 capitani
2290 938 2537 999 Lucani
2578 939 2647 1000 in
2688 938 2836 999 eccl.
2880 958 2927 997 s.
2976 937 3110 1000 Ioh.
3158 938 3236 997 de
3271 937 3617 1009 Ficecchi0‚

1473 1038 1881 1118 presentibus
1935 1037 2194 1097 sindiois
2236 1035 2576 1107 Florentio,
2632 1035 2822 1108 Luce,
2880 1034 3212 1103 Senatum,
3257 1033 3510 1096 pistorii
3548 1041 3622 1095 et

1473 1135 1742 1196 aliorum
1793 1137 2164 1195 comunium
2209 1135 2538 1195 societatis
2581 1134 2852 1211 Tusoie).
3227 1141 3231 1144 ’

1157 1429 1293 1488 959.
2732 1424 3087 1497 FucecckiO,
3133 1426 3212 1486 12
3252 1425 3397 1485 Juli
3437 1424 3617 1485 1293.

1273 1526 1587 1587 Comunia
1614 1524 1957 1597 Florentio,
1987 1523 2178 1595 Luce,
2212 1522 2541 1591 Senatum,
2574 1523 2852 1594 Pistorii,
2890 1522 3128 1594 Vult„
3173 1522 3373 1594 Preti,
3402 1521 3621 1583 Sancti

1155 1624 1460 1697 miniatis,
1504 1623 1728 1685 Sancti
1770 1621 2151 1689 Geminiani,
2183 1618 2390 1692 Collis,
2422 1618 2840 1682 Podiibonitii
2868 1641 3016 1681 cum
3045 1623 3300 1682 comuni
3330 1621 3619 1682 Pisarum

1157 1740 1380 1800 pacem
1423 1721 1668 1782 ineunt.

1476 1817 1737 1877 Florenz
1766 1815 1919 1876 Ast.
1955 1815 2139 1890 (Volt.
2174 1835 2237 1875 η.
2269 1814 2456 1889 1305)
2500 1814 2674 1891 Oriq.
2758 1814 2875 1875 Ed.
2919 1814 3054 1874 Dal
3093 1813 3298 1891 Borqo
3337 1813 3623 1874 Raccolta

1477 1913 1614 1975 279.
1669 1912 2014 1990 Verqleicke
2056 1912 2364 1973 Romiom‘
2406 1912 2628 1972 Istorie
2672 1911 2904 1973 Pisone
2945 1912 3267 1973 in.·AStor.
3312 1912 3390 1972 It.
3431 1932 3539 1972 ser.
3578 1911 3619 1971 I

1477 2011 1594 2072 vol.
1649 2010 1743 2074 VI
1785 2017 1958 2087 parte
2000 2010 2039 2068 I
2080 2009 2367 2070 655-657.
2423 2008 2654 2071 Villam·
2696 2009 2735 2069 I
2763 2010 2959 2085 primi
2986 2009 3107 2070 due
3130 2010 3313 2071 secoli
3338 2010 3405 2069 di
3431 2010 3621 2070 storia

1476 2109 1545 2169 di
1586 2109 1846 2169 Pirenze
1876 2108 1897 2138 '
1926 2107 2064 2168 282.
2111 2107 2340 2167 Οεοίηα
2386 2107 2479 2168 73.
2528 2106 2892 2167 Παυίἀεοῆη
2926 2107 3368 2183 Γονεσῆυηῃεπ
3397 2107 3474 2166 ΙΙ
3501 2107 3621 2166 239

1477 2228 1538 2266 n.
1585 2205 1953 2267 1834-1841.

1157 2405 1297 2465 960.
2674 2400 2889 2473 Siena,
2934 2401 3015 2462 17
3056 2401 3404 2479 September
3443 2400 3617 2460 1293.

1278 2497 1902 2570 MOCLXXXXIII,
1947 2499 2076 2560 ind.
2124 2497 2270 2570 VII,
2318 2498 2515 2559 XVII
2559 2503 2721 2575 sept.
2808 2497 3143 2559 Ranaldus
3183 2496 3502 2558 Manentis
3538 2497 3620 2557 de

1158 2598 1419 2678 Spoleto
1467 2603 1758 2677 potestas
1806 2596 1949 2658 Son.
2000 2597 2097 2658 de
2140 2596 2595 2658 ambaxata
2636 2597 3008 2659 comunis
3049 2595 3263 2656 Vult.
3314 2614 3618 2656 consensu

1158 2695 1493 2763 Nicoholai
1531 2698 1638 2776 qd.
1684 2697 1877 2758 Guidi
1919 2696 2085 2756 Mazi
2128 2698 2208 2757 de
2237 2716 2285 2756 s.
2320 2696 2610 2775 Galgano
2640 2696 2773 2756 ord.
2805 2696 2956 2757 Cist.
2989 2696 3339 2767 camerarii,
3368 2695 3620 2755 Tavene

1158 2796 1534 2860 Christofari
1574 2803 1641 2857 et
1686 2796 1877 2859 Baldi
1919 2796 2032 2857 Lei
2074 2816 2153 2857 ex
2197 2795 2337 2858 IIII
2382 2794 2783 2876 provisorum
2826 2797 2896 2858 in
2921 2794 3182 2857 oonsilio
3211 2794 3487 2874 generali
3517 2814 3615 2873 pe·

1159 2897 1282 2969 tiit,
1326 2895 1504 2974 quod
1543 2914 1760 2956 amoro
1802 2895 2091 2955 comunis
2120 2893 2294 2954 Vult.
2324 2913 2659 2973 processus
2688 2893 3078 2971 quibusdam
3106 2894 3187 2953 de
3208 2893 3382 2954 Vult.
3414 2893 3621 2954 factus

1160 2992 1243 3054 od
1283 2992 1664 3072 petitionem
1708 2991 1916 3052 Landi
1953 2996 2025 3051 et
2066 2990 2355 3052 Bertoldi
2397 2990 2626 3062 Scocti,
2658 2989 2871 3052 Cionis
2898 2990 2979 3051 de
3009 2989 3399 3061 Malavoltis,
3430 2989 3619 3050 Abal-

1155 3086 1298 3147 liati
1340 3086 1602 3147 Ranerii
1644 3086 1977 3148 occasione
2033 3086 2518 3165 represaliarum
2574 3089 2869 3145 veterum
2930 3089 3423 3157 retractarem&
3467 3087 3617 3145 dum

1154 3201 1288 3245 non
1312 3183 1494 3250 fiant,
1519 3182 1750 3243 saltem
1781 3201 1892 3260 per
1919 3182 2357 3260 iurisperitum
2387 3201 2728 3242 comunem
2757 3187 3200 3260 cognoscatur.
3246 3180 3449 3244 Maior
3476 3200 3616 3259 pars

1157 3280 1402 3342 consilii
1443 3281 1745 3352 firmavit,
1790 3280 1965 3358 quod
2010 3281 2094 3339 sit
2123 3280 2454 3340 remissum
2486 3281 2553 3340 in
2581 3284 2998 3357 potestatem,
3031 3277 3233 3338 VIIII
3262 3279 3618 3341 defensores

1152 3383 1224 3438 et
1239 3375 1532 3438 eonsules
1555 3377 1920 3437 mercantie.
2007 3376 2150 3435 Aot.
2184 3374 2363 3437 Senis
2391 3377 2457 3435 in
2486 3375 2732 3454 palatio
2761 3377 3067 3437 comunis,
3146 3375 3366 3454 Pugno
3396 3373 3619 3436 Marini

1153 3480 1224 3534 et
1262 3472 1519 3552 Filippo
1560 3473 1744 3535 Ciani
1785 3479 1862 3533 tt.
1949 3472 2227 3532 Iacobus
2268 3483 2403 3532 not.
2452 3481 2719 3532 vocatus
2762 3473 3140 3533 Camuccius
3172 3472 3619 3550 Buonsignoris

1156 3571 1366 3634 scriba
1406 3574 1717 3633 comunis,

1474 3669 1733 3729 Fe'orenz
1778 3668 1927 3729 Ast.
1977 3669 2161 3745 (Volt.
2212 3689 2271 3729 n.
2320 3668 2505 3744 1308)
2551 3668 2722 3745 Oriq.

1160 3962 1298 4022 961.
2675 3961 2895 4032 Siena,
2941 3960 3022 4021 18
3060 3959 3411 4037 September
3448 3958 3621 4020 1293.

1277 4057 1898 4130 MCCLXXXXIII,
1931 4059 2062 4120 ind.
2090 4058 2199 4130 VI,
2230 4058 2464 4119 XVIII
2488 4064 2640 4119 sett.
2712 4057 2993 4118 Consilia
3018 4057 3219 4118 VIIII
3242 4056 3623 4137 gubernato—

1157 4177 1301 4218 rum
1342 4158 1579 4236 scripta
1623 4178 1734 4236 per
1777 4177 1878 4216 me
1923 4157 2275 4217 Ranerium
2318 4162 2455 4218 not.
2490 4158 2534 4218 f.
2568 4157 2797 4217 Acursi
2825 4162 2965 4217 not.
3050 4155 3325 4216 Factum
3354 4161 3453 4216 est
3479 4174 3622 4216 con-

1157 4256 1369 4317 silium
1414 4275 1646 4317 novem
1687 4255 2191 4334 gubernatorum
2238 4255 2758 4316 et=defensorum
2803 4262 2869 4316 et
2918 4255 3252 4315 consulum
3283 4253 3628 4316 mercantie

1156 4355 1226 4415 in
1265 4353 1460 4414 domo
1500 4353 1627 4414 Mei
1671 4354 1977 4424 Nastasii,
2013 4354 2120 4414 ubi
2151 4361 2487 4414 morantur
2517 4373 2767 4422 novem,
2800 4354 2866 4412 in
2902 4353 3222 4430 presentia
3264 4352 3623 4431 potestatis,

1158 4454 1226 4513 in
1270 4470 1399 4530 quo
1442 4453 1840 4530 propositum
1884 4451 2029 4522 fuit,
2076 4452 2233 4530 quid
2276 4471 2468 4530 super
2508 4450 2862 4529 represaliis
2907 4451 3218 4510 concessis
3261 4455 3485 4510 contra
3511 4469 3626 4509 co·

1156 4568 1394 4610 mune
1436 4554 1502 4608 et
1543 4549 1832 4608 homines
1873 4549 1954 4609 de
1985 4549 2204 4610 Vult.
2237 4549 2321 4608 ad
2350 4549 2732 4627 petitionem
2762 4546 2971 4608 Laudi
2998 4547 3222 4619 Scotti‚
3256 4548 3622 4628 Abbagliati

1157 4645 1438 4716 Ranerii,
1483 4646 1754 4707 aliorum
1797 4647 2036 4707 civium
2089 4647 2234 4708 Sen.
2296 4646 2614 4707 videatur.
2675 4645 3027 4707 Consilium
3083 4646 3231 4719 fuit,
3288 4647 3463 4725 quod
3516 4665 3629 4725 per

1155 4748 1366 4805 totam
1406 4743 1574 4803 diem
1621 4751 1936 4805 tractetur
1980 4745 2320 4805 concordia
2349 4764 2495 4804 cum
2530 4729 2726 4804 Vult.'
2744 4742 3281 4804 ambasiatoribus
3309 4751 3375 4803 et·
3406 4744 3631 4805 Lando
