4000 5700
1090 396 1188 443 118
1730 389 2174 445 REGESTUM
2104 392 2899 494 —VOLATERRANUM

1085 585 1353 659 Gottoli,
1398 585 1767 648 Rainbaldo
1808 587 1919 665 qd.
1962 586 2289 649 Civrianni
2318 587 2399 650 de
2427 587 2593 648 Flor.
2640 588 2749 649 lib.
2778 589 2878 651 CC
2907 595 2975 651 et
3001 589 3213 653 soldos
3241 590 3363 652 XL
3390 592 3552 655 den.

1084 681 1282 756 Vult„
1326 686 1779 763 promittentes
1819 704 2143 746 summam
2180 685 2441 746 reddere
2469 685 2891 749 Rainaldetto
2931 689 3037 750 vel
3076 689 3376 751 societati
3406 691 3552 752 eius

1088 782 1317 845 adkal.
1343 781 1493 855 ian.;
1525 783 1578 842 si
1606 788 1761 842 tunc
1793 802 1921 844 non
1948 779 2346 855 solverimus,
2376 784 2635 845 nomine
2655 804 2803 862 pen.
2828 785 2877 847 C
2904 787 3017 847 sol.
3043 806 3160 866 pro
3189 807 3404 850 mense
3422 788 3553 849 sol·

1085 898 1326 940 vemus.
1354 880 1735 958 Recepimus
1756 886 2058 941 mutuum
2078 899 2198 960 pro
2218 879 2526 941 solvendo
2547 901 2732 962 equ0‚
2758 901 2951 960 quem
2975 882 3408 945 Bernardinus
3428 886 3550 964 qd.

1007 1053 1023 1066 ·
1090 976 1371 1038 Rainerii
1413 976 1495 1036 de
1535 975 1932 1055 Pannochya
1978 975 2272 1037 vendidit
2321 974 2709 1039 Ildebrando
2750 976 2950 1039 felicis
2992 980 3294 1040 memorie
3331 1000 3433 1059 ep.
3480 988 3552 1042 et

1087 1075 1328 1134 iuravit
1369 1092 1725 1151 numquam
1766 1092 1901 1134 esse
1943 1072 2245 1144 solutum,
2290 1079 2357 1133 et
2385 1093 2502 1153 pro
2534 1074 2679 1148 alio,
2709 1094 2903 1155 quem
2930 1075 3224 1139 dedimus
3249 1075 3550 1140 Albizoni

1083 1172 1195 1250 qd.
1236 1170 1552 1232 Tancredi
1594 1171 1673 1231 de
1713 1170 1885 1232 Colle
1939 1191 2058 1251 pro
2111 1171 2479 1233 defensione
2533 1174 2960 1252 episcopatus.
3016 1174 3391 1236 Pannockia
3433 1176 3549 1256 qd.

1087 1266 1371 1331 Rainerii
1412 1270 1492 1330 de
1534 1267 1905 1331 Pannochia
1944 1275 2013 1330 et
2056 1269 2492 1331 Bernardinus
2532 1271 2642 1349 qd.
2687 1269 2974 1333 Rainerii
3016 1272 3120 1349 (de
3147 1272 3548 1351 Pannochia)

1084 1372 1156 1427 et
1195 1367 1289 1427 VI
1330 1365 1457 1427 kal.
1505 1364 1611 1426 iul.
1656 1365 2024 1427 Gherardus
2064 1366 2173 1446 qd.
2220 1353 2524 1428 Rainaldi
2564 1367 2645 1428 de
2684 1367 2885 1431 Prato
2926 1369 3301 1432 iuraverunt
3335 1390 3402 1431 se
3428 1390 3551 1449 pro

1084 1483 1186 1543 ep.
1230 1464 1570 1525 soluturos.
1656 1464 1797 1524 Act.
1842 1465 1910 1524 in
1939 1463 2078 1525 loco
2107 1465 2185 1525 de
2214 1464 2272 1524 le
2300 1463 2596 1527 Martine.
2683 1465 3065 1545 Bonaguida
3094 1467 3285 1528 iudex
3313 1474 3380 1529 et
3407 1475 3549 1529 not.

1091 1561 1352 1623 Ottonis
1393 1563 1544 1640 imp.

1417 1660 1572 1721 Volt.
1605 1659 1846 1722 AVesc.
1876 1679 1926 1720 e.
1958 1658 2146 1720 XIII
2174 1660 2298 1721 dec.
2330 1659 2371 1722 2
2397 1681 2460 1720 n.
2484 1660 2567 1721 23
2593 1659 2762 1738 Oriq.

1089 1857 1227 1917 335.
2707 1856 3029 1931 Homeri,
3058 1857 3141 1918 30
3166 1858 3216 1918 J
3219 1877 3335 1918 um
3361 1858 3549 1921 1216.

1212 1953 1561 2026 MCOXVI,
1610 1953 1677 2013 II
1718 1922 1845 2014 kal.
1891 1955 2019 2028 iul„
2065 1954 2194 2015 ind.
2241 1954 2401 2015 IIII.
2506 1954 2886 2033 Paganus
2927 1954 3103 2015 Vult.
3148 1974 3249 2033 ep.
3292 1956 3558 2019 licentia

1091 2051 1248 2112 data
1290 2071 1330 2110 a
1369 2070 1542 2131 papa
1583 2049 1964 2113 Innocentio
2006 2051 2152 2112 111¹
2169 2056 2187 2127 )
2231 2051 2506 2112 Iohanni
2563 2051 2788 2113 abbati
2840 2071 2893 2111 s.
2937 2051 3215 2133 Galgani
3265 2051 3440 2116 bona
3484 2060 3555 2116 et

1092 2153 1295 2209 terras
1335 2149 1506 2212 circa
1543 2168 1718 2209 mon.
1762 2150 1919 2210 sitas
1960 2149 2184 2211 donat.
2244 2149 2415 2210 ·Act.
2462 2152 2528 2209 in
2568 2149 2745 2211 curia
2771 2168 2874 2229 ep.
2904 2151 3089 2210 iuxta
3115 2169 3443 2212 caesarum
3467 2152 3554 2212 de

1092 2245 1384 2309 Montcri.

1412 2345 1611 2405 Siena
1653 2344 1804 2405 Ast.
1855 2344 2097 2424 Galeffo
2135 2344 2205 2406 di
2245 2344 2315 2404 S.
2347 2344 2633 2421 Galqano
2673 2344 2813 2406 129.
2856 2344 2981 2406 130
3006 2347 3152 2408 zwei
3193 2344 3389 2423 Gopp.
3433 2365 3555 2407 von

1413 2441 1594 2503 1321.
1679 2442 1834 2503 E'dd.
1869 2442 1947 2502 M
1948 2444 2186 2504 aratori
2215 2441 2638 2520 Antiquitatoe
2673 2442 2768 2505 VI
2801 2442 2941 2504 263.
2975 2440 3345 2508 Canestrelli
3372 2441 3553 2504 L’ab-

1412 2541 1590 2601 bazia
1628 2541 1697 2601 di
1726 2541 1792 2601 S.
1826 2540 2110 2618 Galqano
2141 2540 2351 2617 (1896)
2381 2540 2521 2601 108.
2723 2534 2725 2537 ’

1095 2736 1233 2797 336.
2756 2735 3055 2809 Vellet-ra,
3085 2736 3168 2797 20
3192 2737 3344 2798 Juli
3370 2736 3552 2798 1216.

1114 2878 1121 2885 -
1216 2834 1736 2909 MOCXV1,ind
1781 2834 1895 2907 VI,
1941 2833 2117 2895 XIII
2158 2833 2285 2895 kal.
2332 2854 2476 2914 aug.
2561 2827 2943 2914 Paganus
2991 2855 3090 2915 ep.
3141 2835 3318 2897 Vult.
3368 2836 3554 2916 profi-

1098 2941 1310 2995 temur
1334 2953 1452 2995 nos
1479 2934 1787 3014 recepisse
1816 2953 1857 2995 a
1882 2933 2169 2995 Currado
2195 2933 2241 2993 f.
2267 2932 2377 3012 qd.
2404 2932 2855 2994 Bonefidantie
2880 2932 3030 2995 CCC
3050 2933 3158 2994 lib.
3184 2934 3329 2995 den.
3352 2932 3553 2995 Vult..

1097 3050 1260 3112 quos
1286 3052 1327 3092 a
1368 3032 1532 3093 festo
1575 3052 1624 3092 s.
1668 3031 1995 3094 Michaelis
2023 3032 2105 3092 de
2131 3038 2296 3111 sept.
2328 3031 2413 3092 ad
2447 3050 2649 3092 unum
2691 3049 2933 3092 annum
2975 3031 3345 3104 reddemus;
3389 3051 3560 3111 pena

1096 3129 1296 3209 dupli.
1355 3129 1730 3209 Obligamus
1784 3131 2064 3209 pignoris
2120 3130 2376 3190 nomine
2430 3134 2634 3190 terras
2681 3130 3089 3208 episcopatus
3139 3131 3206 3191 in
3243 3129 3556 3192 Vulterris

1097 3235 1165 3289 et
1193 3228 1523 3307 pendiciis,
1554 3228 1637 3289 ab
1664 3228 1899 3307 Alpino
1928 3246 2132 3306 usque
2161 3227 2246 3288 ad
2273 3226 2563 3288 Montem
2589 3227 2844 3289 Rodolfi
2866 3230 2912 3305 ¹)
2944 3234 3010 3288 et
3038 3227 3124 3288 ab
3152 3226 3328 3289 Hera
3354 3246 3556 3307 usque

1099 3326 1185 3386 ad
1226 3324 1524 3386 Oecinam
1553 3361 1632 3370 —
1660 3326 1989 3403 imprimis,
2023 3344 2148 3404 que
2177 3324 2489 3386 habemus
2517 3325 2602 3386 ad
2630 3324 3023 3387 Libbianum
3050 3345 3162 3399 —3
3205 3326 3558 3406 excipimus

1097 3424 1435 3507 palatium,
1467 3424 1691 3484 domos
1721 3429 1997 3495 monete,
2028 3424 2285 3484 vineam
2313 3424 2596 3503 episcopi
2620 3424 2702 3484 de
2727 3422 3007 3485 castello.
3092 3423 3557 3487 Fideiussorem

1098 3528 1165 3584 et
1207 3521 1735 3584 sacramentalem
1784 3520 2254 3582 Bernardinum
2310 3520 2419 3599 qd.
2464 3520 2750 3581 Rainerii
2790 3520 3222 3599 Pannochie⁸)
3265 3530 3335 3583 et
3375 3520 3557 3583 Isim·
3597 3514 3603 3521 ’

1102 3618 1375 3682 bardum
1403 3620 1499 3699 dev
1522 3620 1802 3680 Pichena
1841 3619 2087 3681 damae.
2130 3618 2504 3680 Pannochia
2546 3619 2652 3698 qd.
2699 3617 2984 3680 Rainerii
3022 3619 3394 3683 Pannochie
3416 3621 3463 3697 ⁸)
3493 3625 3560 3679 et

1101 3717 1528 3780 Cancellarius
1551 3717 1743 3781 Guidi
1767 3716 2180 3778 Braccifortis
2201 3723 2268 3776 et
2289 3716 2580 3776 Ventura
2603 3715 2711 3794 qd.
2745 3715 3162 3778 Gualfinandi
3189 3735 3306 3777 nos
3326 3717 3557 3796 princi·

1100 3814 1277 3894 pales
1316 3814 1638 3876 debitores
1679 3821 1747 3875 et
1787 3821 2124 3893 pagatores
2166 3814 2639 3874 constituimus.
2735 3813 2885 3874 Act.
2943 3813 3120 3874 Vult.
3165 3814 3232 3874 in
3285 3814 3414 3892 pal.
3457 3833 3557 3894 ep.

1100 3931 1317 3973 coram
1359 3912 1709 3974 Ghinaccio
1748 3912 1857 3991 qd.
1901 3911 2259 3972 Tebaldini.
2290 3910 2600 3990 Tederigo
2630 3911 2934 3990 Campoli.
2966 3910 3214 3972 Favilla
3246 3913 3379 3971 eius
3407 3911 3557 3972 filio.

1098 4010 1467 4079 Paltonerio
1507 4011 1588 4072 de
1628 4009 2187 4072 Montebrandoni.
2231 4008 2563 4086 Aringerio
2604 4008 2836 4070 Vitalis
2879 4014 2956 4069 tt.
2978 4012 3043 4085 ⁴).

1432 4108 1590 4171 Volt.
1622 4108 1863 4170 AVeac.
1893 4127 1943 4168 s.
1976 4105 2169 4167 XIII
2195 4106 2317 4166 dec.
2348 4106 2390 4167 2
2415 4126 2476 4168 π.
2507 4105 2589 4168 24
2615 4106 2788 4183 Oriq.

1249 4430 1291 4495 ¹)
1328 4432 1487 4484 Siehe
1522 4446 1577 4482 n.
1606 4434 1727 4484 333.
1838 4432 1881 4495 ²)
1907 4431 2082 4482 Heme
2119 4429 2382 4481 Romolla
2414 4430 2554 4480 nahe
2589 4429 2674 4480 bei
2717 4428 2971 4480 Volcei-ra.
3119 4428 3164 4492 ³)
3203 4427 3419 4481 Brczdoe
3452 4428 3564 4479 Pa·

1104 4537 1258 4586 m.
1406 4522 1449 4585 ⁴)
1485 4521 1646 4585 Folqt
1678 4536 1734 4573 π.
1774 4523 1907 4577 337,·
1936 4520 2026 4571 die
2059 4520 2263 4571 Schuld
2296 4519 2502 4570 nebeim
2523 4517 2723 4569 beza-hu
2744 4532 2815 4567 zu
2834 4518 2971 4578 eoin,
2997 4517 3086 4568 die
3117 4516 3246 4568 Urk.
3285 4518 3360 4569 ἐκ
3394 4518 3562 4569 dun-ok

1105 4611 1342 4662 Schm’tte
1377 4610 1637 4674 mallio
1672 4610 1925 4673 qemaoht.
2001 4610 2158 4660 Siehe
2206 4608 2464 4660 «Bistam
2498 4607 2616 4658 und
2651 4604 3116 4668 Geldwiroechattt
3151 4606 3189 4656 Ι
3228 4609 3348 4657 103.
