4000 5700
1094 436 1202 490 ‘296
1737 437 2181 492 REGESTUM
2222 440 2325 493 VO
2336 441 2602 493 LATER
2612 442 2775 495 RAN
2788 443 2905 497 ΠΜ

1089 634 1226 694 878.
2750 638 2945 713 Wien,
2991 640 3030 699 5
3069 640 3326 700 Januar
3366 642 3544 703 1281.

1211 741 1224 764 ‘
1253 731 1544 803 Quodam
1585 733 1953 810 procuratio
1994 734 2239 794 domini
2295 732 2713 811 Rodulphi
2772 737 2936 814 regis
2980 736 3420 798 Romanorum
3461 739 3547 799 ad

1086 828 1518 905 recipiendum
1562 830 1654 904 (in
1694 828 1949 907 Tuscia)
1996 829 2330 891 fidelitatis
2371 831 2689 911 homagia,
2734 834 3017 902 servitia,
3060 852 3286 893 census
3325 838 3392 893 et
3448 854 3545 895 ce·

1086 932 1244 986 tera.
1331 925 1816 999 MCCLXXXI,
1860 946 2009 988 non.
2052 928 2178 988 ian.
2205 926 2221 952 ’
2250 929 2315 1004 ¹).

1406 1022 1574 1085 Colle
1622 1023 1860 1086 AGom.
1891 1024 2412 1087 Instrumentario
2441 1026 2480 1085 I
2506 1025 2589 1086 50
2616 1026 2770 1104 Gop.
2801 1046 2851 1086 ε.
2884 1026 3071 1087 XIII
3103 1048 3190 1088 ex.
3274 1028 3411 1089 San
3438 1029 3545 1090 Gi-

1405 1122 1709 1200 miqmmo
1749 1122 1984 1184 AG'om.
2029 1123 2213 1184 In’ber
2251 1124 2514 1185 blancus
2553 1123 2651 1186 82'
2691 1125 2844 1202 Cop.
2889 1144 2940 1186 ε.
2984 1124 3175 1186 XIII
3202 1146 3288 1187 ex.
3399 1127 3547 1188 Flo-

1405 1238 1550 1281 renz
1590 1219 1742 1281 Ast.
1769 1221 1817 1298 ¹)
1864 1220 2073 1298 (Liber
2112 1221 2352 1281 furium
2388 1220 2559 1282 Vult.
2592 1223 2665 1283 4¹.
2697 1221 2819 1299 21')
2849 1222 3039 1300 Reqq.
3069 1243 3120 1283 ε.
3152 1222 3218 1283 X
3227 1223 3303 1284 V.
3384 1223 3543 1284 Edd.

1405 1317 1709 1379 Zaccaria
1753 1318 2068 1380 Anecdota
2105 1319 2188 1381 32
2231 1329 2246 1352 ⁴
2268 1339 2341 1380 me
2383 1319 2541 1381 libro
2568 1340 2868 1382 censuum
2893 1321 3056 1382 Pist.
3084 1321 3100 1347 ’
3145 1321 3281 1384 MG
3305 1323 3434 1384 LL.
3463 1324 3544 1383 II

1406 1415 1542 1477 425.
1627 1417 1814 1478 Lami
1857 1417 2272 1478 Monumenta
2311 1418 2350 1477 I
2391 1417 2529 1479 360.
2613 1418 2802 1480 Saint
2842 1418 3048 1480 Priest
3079 1419 3358 1481 Histoire
3381 1419 3456 1481 de
3480 1420 3545 1481 la

1404 1515 1696 1593 conquete
1737 1514 1812 1576 de
1852 1515 1918 1575 N
1919 1515 2098 1593 aples
2124 1534 2246 1592 par
2271 1514 2528 1578 Char-les
2552 1517 2835 1595 d’A‘ny'ou
2863 1517 2966 1579 IV
2991 1516 3131 1578 261.
3162 1516 3375 1580 Licini
3400 1519 3542 1580 234.

1408 1611 1544 1672 MG
1565 1613 1690 1674 LL.
1713 1613 1897 1673 sectio
1919 1612 2022 1674 IV
2044 1612 2526 1676 constitutiones
2547 1614 2667 1674 III
2687 1615 2810 1676 258
2830 1635 2891 1675 π.
2915 1614 3054 1677 265.
3077 1614 3227 1693 Rey.
3251 1613 3542 1676 Bohmer-

1407 1709 1669 1770 Redlich
1730 1710 1911 1770 1252.
2016 1708 2366 1786 Veryleiclze
2412 1711 2887 1790 Koma-Buscon
2939 1712 3022 1773 II
3075 1712 3134 1786 3,
3193 1711 3328 1773 184.
3386 1712 3541 1772 Red-

1407 1806 1532 1868 liclz
1574 1806 1709 1868 404.

1087 2004 1224 2065 879.
2582 2004 2878 2079 Volterra,
2922 2005 3006 2067 20
3044 2004 3325 2067 februar
3363 2005 3540 2067 1281.

1206 2100 1616 2163 Bonacursus
1658 2121 1870 2162 comes
1910 2102 1991 2162 de
2035 2101 2319 2183 Segalari
2360 2122 2577 2163 amore
2616 2102 2792 2163 Vult.
2837 2105 3145 2176 comunis,
3176 2103 3448 2164 iocunde
3474 2109 3543 2164 et

1083 2199 1423 2271 curialiter,
1453 2199 1607 2260 fecit
1648 2198 2097 2261 Gullielmo
2138 2200 2233 2261 de
2273 2199 2701 2280 Ugonibus
2743 2199 2822 2261 de
2864 2200 3140 2262 Pistorio
3165 2200 3375 2262 Vult.
3418 2220 3539 2281 po·

1083 2300 1391 2358 testati
1448 2299 1638 2359 finem
1681 2297 1763 2358 de
1803 2318 1934 2360 non
1975 2300 2258 2376 petendo
2297 2298 2540 2377 aliquid
2581 2301 2912 2360 occasione
2955 2299 3196 2359 bovum
3240 2305 3306 2360 et
3354 2302 3542 2360 unius

1084 2415 1240 2458 vace
1279 2402 1346 2457 et
1389 2396 1577 2457 unius
1622 2396 1827 2467 vituli,
1876 2416 2037 2476 quas
2077 2397 2317 2458 bestias
2356 2396 2632 2469 dicebat,
2677 2397 2852 2475 quod
2894 2396 3287 2458 Barduccius
3314 2398 3394 2457 de
3434 2396 3542 2459 Se·

1083 2514 1345 2556 rassano
1402 2500 1468 2554 et
1507 2495 1780 2585 Anticus
1835 2494 2267 2555 districtuales
2309 2494 2482 2555 Vult.
2527 2494 2649 2573 ipsi
2703 2494 2783 2556 de
2840 2515 3079 2573 pascuo
3133 2494 3215 2555 de
3265 2495 3545 2574 Segalari

1083 2593 1539 2654 iurisdictionis
1581 2592 1706 2653 Pis.
1765 2594 2057 2653 comunis
2109 2592 2536 2662 abstuleram,
2580 2593 2679 2653 vel
2736 2612 2854 2671 pro
2895 2592 3044 2654 OOC
3097 2592 3204 2667 lib.
3249 2592 3372 2652 Pis.
3428 2612 3543 2672 pro

1083 2711 1305 2753 earum
1344 2693 1787 2762 extimatione,
1834 2691 1957 2751 XV
1997 2689 2108 2750 lib.
2151 2711 2267 2769 pro
2308 2692 2622 2769 expensis;
2666 2690 2865 2751 habet
2907 2692 3207 2753 notitiam
3249 2691 3330 2751 de
3360 2690 3546 2752 bonis

1083 2788 1257 2852 Vult.
1302 2790 1594 2851 comunis
1650 2794 1717 2848 et
1774 2789 2106 2848 hominum
2166 2807 2281 2868 pro
2334 2787 2775 2847 satisfactione
2832 2808 2911 2847 ex
2968 2788 3358 2848 auctoritate
3414 2787 3542 2847 Ra-

1087 2889 1306 2949 mondi
1350 2888 1502 2950 olim
1542 2888 1769 2948 iudicis
1832 2896 1898 2948 et
1962 2889 2293 2947 assessoris
2354 2886 2572 2946 Pisani
2627 2888 2917 2947 comunis
2971 2892 3039 2947 et
3092 2886 3403 2948 Iohannis
3462 2889 3545 2948 de

1085 2986 1577 3066 Montesperello
1618 2988 1698 3047 de
1743 2985 2006 3046 Petusio
2048 2984 2174 3045 Pis.
2217 2985 2560 3062 potestatis
2600 2985 3031 3045 instrumento
3066 2983 3381 3046 Bernardi
3408 2991 3542 3046 not.

1083 3086 1162 3145 de
1206 3085 1528 3155 Roccano,
1589 3081 2030 3153 MCCLXXV,
2074 3081 2203 3142 ind.
2247 3081 2337 3151 II,
2384 3081 2449 3140 X
2490 3080 2614 3141 kal.
2661 3091 2820 3160 sept.
2842 3082 2908 3158 ⁸).
2970 3082 3379 3142 Bonacursus
3435 3080 3547 3141 ab·

1085 3182 1281 3242 solvit
1322 3187 1714 3260 potestatem
1760 3200 1876 3258 pro
1905 3180 2184 3251 comuni,
2213 3179 2525 3239 cassando
2552 3179 3071 3239 instrumentum.
3155 3180 3298 3239 Act.
3331 3181 3397 3240 in
3431 3199 3545 3257 pa·

1081 3280 1239 3340 latio
1268 3278 1557 3338 comunis
1579 3278 1754 3338 Vult.
1839 3277 2022 3338 Tano
2043 3284 2175 3337 not.
2202 3275 2656 3337 Bartholomei.
2682 3275 2930 3337 Besano
2958 3275 3288 3337 Ranuccii.
3319 3276 3546 3337 Vanne

1083 3376 1278 3436 Iunte
1306 3376 1386 3436 de
1416 3376 1690 3436 Pistorio
1720 3379 1801 3435 tt.
1885 3372 2314 3436 MCCLXXX
2342 3373 2695 3434 secundum
2725 3392 2911 3434 usum
2933 3371 3134 3443 Vult„
3166 3375 3294 3433 ind.
3319 3372 3543 3446 VIIII,

1086 3475 1220 3535 XX
1263 3474 1387 3534 feb.
1513 3473 1899 3534 Niccholaus
1941 3471 2292 3533 Iandonati
2329 3471 2525 3532 iudex
2567 3471 2699 3531 ord.
2745 3479 2811 3530 et
2853 3491 3024 3531 nunc
3074 3479 3206 3531 not.
3258 3472 3548 3531 civitatis

1082 3572 1259 3634 νὼ
1402 3669 1664 3728 onrenz
1707 3667 1854 3728 Ast.
1891 3667 2275 3743 (Vozt.1280
2302 3666 2382 3726 ll
2408 3666 2509 3736 20,
2542 3684 2600 3723 η.
2630 3664 2819 3744 1068)
2849 3666 3019 3744 Oriq.

1085 3868 1222 3928 880.
2785 3862 3044 3935 Orvieto,
3089 3862 3127 3921 1
3170 3860 3319 3922 Mai
3359 3862 3544 3922 1281.

1207 3964 1601 4024 Martinus
1656 3961 1764 4022 IV
1805 3965 2131 4040 preposito
2174 3962 2460 4021 AretinO.
2560 3961 2858 4032 Nuntiat,
2908 3959 3085 4038 quod
3130 3959 3544 4038 (Raynerius)

1079 4083 1177 4142 ep.
1222 4061 1397 4122 Vult.
1440 4066 1507 4120 et
1548 4060 2020 4138 predecessores
2062 4060 2234 4121 bona
2275 4080 2372 4138 ep.
2416 4059 2656 4120 ciericis
2695 4065 2764 4119 et
2819 4058 3015 4131 laicis,
3059 4057 3144 4118 ad
3187 4057 3413 4130 vitam,
3459 4056 3549 4117 ad

1231 4307 1273 4372 ¹)
1309 4307 1385 4357 So
1426 4306 1593 4355 Liber
1626 4305 1853 4355 iurium.
2024 4304 2067 4368 ²)
2104 4304 2319 4353 Anda-e
2362 4293 2857 4363 Uberlieserunqen:
2894 4298 3111 4361 Piswja
3146 4298 3349 4348 AGom.
3387 4298 3549 4349 Liber·

1086 4413 1349 4449 censuum
1381 4398 1421 4459 s.
1463 4391 1586 4447 139'
1624 4396 1756 4458 Cop.
1795 4410 1898 4444 von
1937 4396 2092 4444 1252.
2132 4394 2357 4444 Florem
2393 4393 2528 4442 Ast.
2570 4391 2651 4457 (S.
2693 4390 2961 4455 Minimo)
2999 4389 3177 4452 Copia
3212 4388 3401 4452 copiae
3442 4403 3549 4438 von

1085 4489 1241 4538 1283.
1278 4486 1451 4537 Siena
1487 4485 1621 4535 Ast.
1663 4483 2091 4550 (Risormoqioni
2125 4499 2179 4532 n.
2221 4484 2404 4546 1026).
2479 4481 2585 4531 Die
2620 4496 2725 4530 von
2761 4479 2907 4529 Colle
2930 4479 3001 4528 iet
3026 4479 3147 4529 dem
3170 4478 3547 4541 Horamqeber

1082 4577 1176 4627 dee
1211 4574 1889 4632 Oomcitutioneo-Bandes,
1930 4572 1973 4621 J
1974 4572 2109 4623 akob
2134 4572 2415 4630 Schwalm,
2444 4570 2629 4619 aheneo
2655 4576 2973 4632 entyanqen,
3002 4567 3099 4617 wie
3124 4566 3336 4616 Licinio
3362 4565 3551 4616 Publi-

1082 4665 1270 4715 kation
1303 4665 1368 4714 in
1407 4664 1776 4714 Deutcchland
1815 4663 2117 4724 ‘uberhaupt
2158 4661 2460 4710 unbeachtet
2498 4659 2648 4708 blieb.
2794 4658 2840 4722 3)
2882 4659 3020 4707 1274
3057 4656 3279 4718 Ααρυει
3315 4655 3400 4706 23.
