4000 5700
1072 539 1515 593 REGESTUM
1553 538 2239 594 VOLATERRANUM
2777 542 2884 594 227

432 635 555 642 ——-—
576 634 747 640 ..ῆ-

428 736 535 797 riis
563 735 784 814 populi
814 734 976 796 Flor.
1002 735 1366 814 placuisset,
1391 734 1567 812 quod
1592 753 1784 813 super
1805 754 1882 795 ea
1904 735 1974 795 ΙΙ
2003 734 2350 813 prudentes
2373 735 2496 795 viri
2523 755 2564 796 a
2593 735 2886 815 partibus

427 832 824 913 eligerentur,
873 838 942 893 et
993 831 1315 894 Orlandus
1355 832 1436 894 de
1478 833 1702 894 Strata
1742 831 1790 893 f.
1832 831 1940 912 qd.
1986 832 2223 892 Villani
2263 832 2430 893 Flor.
2475 834 2651 904 civis,
2694 835 2884 894 comi-

428 937 568 992 tum
600 935 977 1009 procurator
1016 931 1446 990 instrumento
1489 929 1872 992 Bernardini
1897 931 1979 992 de
2019 930 2362 991 Arcidosso
2405 937 2558 1005 not.,
2589 931 2885 993 Albizum

426 1029 867 1090 Trinciavellie
909 1029 1345 1106 iurisperitum
1398 1028 1479 1089 de
1532 1028 1698 1089 Flor.
1744 1034 1811 1089 et
1852 1027 2238 1089 Aldofredus
2268 1028 2574 1091 Nicchole
2600 1030 2682 1091 de
2709 1031 2883 1093 Vult.

425 1127 708 1189 sindicus
747 1127 1039 1187 comunis
1080 1126 1439 1207 Ardingum
1482 1126 1565 1188 de
1608 1125 1780 1188 Vult.
1824 1128 2262 1206 iurisperitum
2303 1127 2350 1188 f.
2395 1127 2499 1207 qd.
2545 1127 2712 1190 Golli
2764 1129 2885 1191 ele-

427 1227 686 1304 gissent,
733 1223 1117 1286 Aldofredus
1172 1230 1242 1286 et
1291 1225 1611 1286 Orlandus
1667 1226 1732 1285 in
1787 1243 1896 1287 eos
1951 1226 2560 1306 compromiserunt3
2620 1247 2761 1306 pen.
2819 1228 2887 1288 M

429 1342 617 1383 marc.
663 1342 794 1403 arg.

746 1422 1007 1483 Florem:
1038 1422 1193 1483 Ast.
1227 1421 1413 1497 (Volt.
1445 1421 1626 1493 1285,
1657 1442 1720 1482 n.
1750 1422 1935 1498 1184)
1974 1422 2146 1499 Oriq.
2194 1422 2689 1501 (unvollzoqener
2729 1424 2885 1486 Par·

745 1520 1131 1598 taient-murs).

427 1707 566 1767 682.
2014 1706 2309 1782 Velie-tra,
2354 1708 2436 1769 15
2476 1708 2661 1770 Mc'irz
2702 1710 2882 1771 1257.

546 1802 881 1877 MCCLVL
926 1804 1055 1865 ind.
1088 1804 1234 1878 XV,
1264 1806 1346 1865 id.
1381 1812 1569 1866 mart.
1655 1805 1868 1866 Guido
1909 1806 2108 1866 iudex
2149 1811 2218 1867 et
2261 1824 2537 1867 assessor
2578 1807 2749 1869 Vult.
2783 1826 2884 1869 co-

425 1903 659 1973 munis,
689 1902 964 1962 vicarius
994 1904 1345 1965 Bonacursi
1374 1904 1782 1964 Bellincionis
1823 1905 1904 1964 de
1946 1903 2277 1965 Florentia
2304 1904 2481 1965 Vult.
2520 1907 2882 1984 potestatis,

425 2003 494 2061 et
533 1998 876 2062 consiliarii
956 2000 1487 2060 contradixerunt
1529 1999 1839 2061 Benbono
1881 2005 2017 2061 not.
2061 2001 2307 2062 sindico
2341 2003 2653 2074 comunis,
2682 2021 2763 2063 ne
2791 2022 2882 2063 re-

424 2098 744 2177 spondeat
771 2099 1171 2176 procuratori
1202 2097 1788 2159 Ildebrandini
1829 2104 1897 2158 et
1929 2095 2311 2159 Umberti
2350 2097 2394 2159 f.
2426 2098 2530 2177 qd.
2563 2097 2884 2160 Guilielmi

424 2196 736 2257 comitum
778 2192 859 2255 de
903 2193 1325 2274 petitionibus
1367 2214 1481 2273 pro
1522 2194 1784 2275 singulis
1828 2196 2113 2274 personis
2154 2194 2234 2254 de
2277 2195 2503 2256 Silano
2542 2200 2609 2256 et
2635 2194 2882 2258 Monte·

424 2292 723 2371 gemmoli
766 2312 983 2354 coram
1025 2293 1252 2353 Albizo
1294 2299 1360 2353 et
1403 2293 1690 2374 Ardingo
1731 2291 1989 2353 arbitris
2031 2295 2381 2372 assumptis
2424 2293 2507 2354 ab
2537 2293 2885 2355 Aldofredo

424 2389 682 2452 Niccole
722 2391 968 2451 sindico
1009 2390 1299 2452 comunis
1341 2391 1516 2451 Vult.
1561 2402 1628 2451 et·
1657 2389 1942 2452 Orlando
1970 2391 2051 2451 de
2080 2389 2313 2451 Strada
2341 2396 2753 2470 procuratore
2780 2411 2880 2452 co·

425 2491 675 2551 mitum.
759 2488 1042 2550 Nomina
1083 2489 1607 2550 consiliariorum.
1695 2490 1837 2550 Act.
1884 2489 2059 2550 Vult.
2101 2491 2171 2549 in
2199 2489 2348 2549 eccl.
2379 2509 2430 2551 S.
2461 2491 2677 2552 Marie.
2760 2490 2878 2551 Fo-

427 2605 557 2646 rese
600 2590 730 2646 not.
775 2587 1137 2665 potestatis
1183 2585 1419 2647 Maffeo
1460 2584 1781 2647 Lecconis.
1815 2586 2176 2647 Octaviano
2218 2585 2399 2647 Pieri.
2433 2585 2752 2648 Rainaldo
2779 2586 2880 2648 del

428 2683 624 2744 Farso
666 2690 743 2745 tt.
829 2684 1196 2746 Ranuccius
1236 2683 1317 2744 de
1358 2683 1533 2745 Vult.
1579 2684 1684 2763 qd.
1730 2684 1961 2745 Vitalis
2003 2690 2137 2746 not.

500 2768 506 2775 ⁹
743 2782 1006 2842 Florem:
1042 2780 1194 2842 Ast.
1230 2781 1418 2861 (Volt.
1450 2781 1612 2843 1256
1639 2780 1761 2843 III
1788 2783 1888 2859 12,
1919 2803 1985 2844 n.
2017 2782 2160 2860 696)
2193 2782 2362 2861 Oriq.

421 2988 559 3048 683.
1983 2989 2306 3062 Montieri,
2351 2988 2433 3050 30
2473 2989 2660 3051 Mdrz
2698 2988 2875 3050 1257.

544 3085 913 3158 MCCLVII,
962 3086 1067 3148 III
1110 3086 1232 3148 kal.
1278 3106 1437 3166 apr„
1482 3088 1608 3147 ind.
1656 3088 1798 3149 XV.
1884 3088 2100 3149 Guido
2131 3087 2476 3147 Alamanni
2505 3092 2572 3147 et
2597 3086 2744 3166 Ugo
2771 3086 2880 3166 qd.

421 3184 832 3264 Uguiccionis
859 3184 941 3244 de
971 3181 1172 3260 Senis,
1203 3193 1645 3264 procuratores
1685 3186 1909 3248 Iacobi
1951 3185 2056 3265 qd.
2102 3184 2375 3245 Renaldi
2413 3189 2482 3246 et
2510 3184 2728 3245 Iacobi
2770 3184 2877 3264 qd.

424 3280 776 3342 Ranuccini
820 3280 899 3341 de
940 3282 1123 3343 Senis
1164 3288 1230 3343 et
1272 3284 1589 3344 sociorum
1617 3290 1798 3346 carta
1827 3284 2139 3345 Gnidonis
2169 3290 2326 3355 not„
2358 3283 2738 3343 confitemur
2763 3301 2880 3344 nos

421 3380 731 3458 recepisse
773 3399 811 3438 a
854 3379 1162 3452 Ventura,
1210 3379 1548 3453 Raina1d0‚
1592 3380 1897 3442 Micchele
1940 3381 2243 3442 castaldis
2285 3401 2395 3442 seu
2430 3380 2784 3442 factoribus
2811 3381 2881 3441 in

420 3478 738 3539 Monterio
766 3497 882 3556 pro
913 3479 1308 3539 Rainerio
1349 3478 1523 3539 Vult.
1563 3479 1766 3541 electo
1793 3478 2021 3541 CCXV
2050 3477 2154 3539 lib.
2188 3479 2330 3539 den.
2365 3477 2508 3539 Sen.
2541 3480 2767 3540 minut.
2798 3499 2878 3540 ex

421 3577 556 3636 iure
597 3595 772 3636 cesso
814 3578 902 3636 eis
947 3597 985 3636 a
1028 3579 1285 3637 comuni
1327 3575 1472 3637 Sen.
1518 3580 1775 3639 nomine
1804 3597 2030 3638 census
2071 3596 2189 3655 pro
2215 3583 2429 3638 castro
2455 3576 2535 3637 de
2561 3575 2881 3666 Monterio

420 3692 538 3753 pro
578 3693 750 3734 anno
791 3694 830 3733 a
870 3673 995 3735 kal.
1042 3682 1227 3736 mart.
1274 3682 1461 3736 retro.
1548 3676 1688 3736 Act.
1736 3674 2052 3735 Monterii.
2142 3675 2308 3754 Rigo
2350 3673 2689 3735 Gullielmi.
2749 3674 2878 3735 Ra-

421 3775 595 3832 nerio
638 3771 904 3834 Ranerii
947 3772 1258 3834 Iamboni.
1306 3773 1667 3835 Benincasa
1703 3773 2075 3852 Compagni.
2121 3773 2356 3834 Maffeo
2382 3772 2558 3833 dicto
2586 3771 2878 3835 Palastro

422 3869 529 3950 qd.
572 3867 870 3930 Seracini.
916 3870 1132 3930 Ghezo
1175 3870 1542 3933 Buonfilioli
1582 3877 1651 3932 et
1692 3871 1867 3949 Pepo
1905 3871 2099 3931 Russi
2128 3877 2204 3931 tt.
2291 3869 2716 3930 Ildebrandus
2743 3868 2879 3930 Ma·

419 3967 621 4029 rinelli
663 3968 814 4047 imp.
862 3975 1030 4031 auct.
1075 3975 1213 4029 not.
1994 4051 2001 4058 -

747 4064 905 4127 Volt.
951 4064 1191 4127 AVeso.
1235 4086 1285 4127 8.
1328 4066 1517 4127 XIII
1558 4066 1683 4128 dec.
1729 4066 1768 4127 6
1807 4086 1873 4128 n.
1904 4067 1982 4128 51
2012 4067 2187 4143 Oriq.
2223 4066 2320 4141 (in
2346 4085 2406 4125 n.
2438 4063 2874 4141 6981ieqend).

419 4254 556 4313 684.
2112 4253 2291 4326 Rom,
2336 4252 2417 4314 22
2459 4251 2654 4329 April
2694 4251 2874 4311 1257.

538 4349 1007 4412 Alexander
1047 4351 1155 4412 IV
1184 4351 1547 4429 (Nicholao)
1578 4352 1804 4414 abbati
1831 4372 1881 4413 s.
1913 4352 2081 4413 Iusti
2114 4350 2287 4412 Vult.
2376 4351 2540 4424 Quia
2567 4355 2877 4427 potestas,

419 4468 690 4510 comune
723 4456 791 4510 et
819 4448 1151 4509 consilium
1182 4448 1346 4510 Flor.
1382 4450 1733 4512 Ranerium
1762 4450 1935 4511 Vult.
1970 4450 2245 4511 electum
2275 4456 2613 4526 tamquam
2643 4446 2876 4507 laicum

420 4565 531 4623 per
557 4566 861 4624 precones
892 4546 1155 4607 Alberto
1182 4547 1262 4607 de
1292 4548 1465 4608 Cona
1495 4550 1745 4609 concivi
1773 4569 1890 4610 suo
1917 4549 1983 4609 in
2014 4546 2280 4608 seculari
2306 4546 2447 4607 foro
2484 4545 2877 4624 compellunt

418 4644 798 4720 respondere
841 4650 906 4702 et
949 4645 1281 4721 potestati,
1326 4644 1590 4705 consilio
1644 4651 1711 4706 et
1766 4646 2087 4706 communi
2149 4643 2320 4703 Vult.
2379 4650 2440 4703 et
2501 4644 2582 4704 de
2637 4641 2876 4703 Sancto

414 4739 800 4803 Geminiano
842 4741 1252 4816 mandarunt,
1299 4749 1373 4804 ut
1413 4743 1688 4804 electum
1732 4743 1818 4804 ad
1858 4742 2236 4805 solvendum
2267 4742 2582 4814 debitum,
2613 4760 2741 4821 quo
2771 4739 2875 4801 Al·
