4000 5700
1131 464 1237 517 186
1770 464 2214 519 REGESTUM
2256 464 2942 520 VOLATERRANUM

1126 661 1265 721 534.
2680 661 3004 731 Montien‘,
3047 662 3129 723 13
3175 661 3362 740 Apn‘l
3401 663 3578 725 1236.

1245 760 1611 822 Alexander
1648 780 1817 841 pape
1844 760 2260 840 cappellanus
2287 760 2620 821 universis.
2704 758 2866 821 Cum
2893 761 2974 821 de
3003 761 3315 822 mandato
3341 762 3581 823 domini

1123 860 1325 919 nostri
1367 876 1649 920 essemus
1691 860 1756 919 in
1798 858 2094 938 partibus
2134 857 2382 930 Tuscie,
2411 857 2547 918 eius
2576 855 2826 919 litteras
2855 859 3196 938 oecipimus
3222 860 3525 921 insertas¹
3536 864 3577 936 ).

1122 953 1407 1016 Comune
1448 954 1625 1016 Vult.
1672 956 2056 1029 monuimus,
2086 959 2163 1015 ut
2191 953 2638 1015 satisfacerent
2663 962 2731 1016 et
2757 975 2797 1015 a
2822 953 3138 1016 similibus
3162 955 3579 1017 abstinerent.

1122 1051 1251 1125 Qui
1289 1070 1438 1114 cum
1482 1054 1803 1115 noluerint
1845 1051 2104 1114 obedire
2143 1058 2211 1113 et
2251 1052 2547 1132 graviora
2590 1052 2877 1132 dampna
2921 1053 3067 1129 (Pa
3081 1058 3328 1134 gano)
3372 1073 3471 1133 ep.
3512 1060 3581 1114 et

1120 1148 1273 1212 eccl.
1316 1151 1494 1213 Vult.
1525 1152 1866 1232 irrogarint
1892 1149 2327 1212 comburendo
2355 1151 2588 1211 domus
2616 1156 2993 1223 castrorum,
3027 1151 3231 1225 villas,
3263 1152 3578 1227 ecclesias,

1123 1248 1520 1328 captivando
1560 1250 1875 1327 quosdam
1916 1248 1999 1310 de
2041 1247 2310 1310 vassalis
2350 1249 2653 1327 episcopi,
2683 1249 2896 1326 ipsum
2928 1248 3302 1321 obsidendo,
3331 1268 3581 1310 excom-

1123 1346 1526 1409 municamus
1565 1366 1694 1408 eos.
1779 1346 1945 1407 Lata
1999 1344 2177 1425 apud
2231 1350 2516 1408 castrum
2572 1345 2873 1408 Monterii
2926 1347 2996 1407 in
3048 1345 3200 1407 eccl.
3243 1366 3294 1407 s.
3340 1346 3577 1408 Iacobi.

1122 1444 1609 1516 MOCXXXVL
1642 1452 1841 1524 temp.
1871 1444 2160 1523 Gregorii
2186 1443 2409 1515 VIIII,
2439 1450 2620 1523 pont.
2651 1444 2788 1505 eius
2817 1443 2903 1516 X,
2936 1443 3112 1506 XIII
3141 1465 3279 1524 apr.
3367 1446 3581 1507 Priore

1119 1562 1172 1604 s.
1216 1542 1507 1621 Galgani.
1552 1542 1769 1603 Presb.
1807 1543 2238 1621 Bonansegna
2291 1541 2567 1622 plebano
2622 1564 2672 1603 s.
2723 1542 2930 1604 Pauli.
2992 1541 3292 1622 Philippo
3344 1563 3486 1605 can.
3528 1563 3579 1604 s.

1126 1639 1328 1703 Pauli.
1365 1640 1579 1702 Presb.
1605 1640 1732 1720 Spe
1754 1647 2000 1702 rectore
2027 1639 2179 1701 eccl.
2211 1660 2259 1701 s.
2293 1638 2533 1701 Iacobi.
2564 1639 2913 1718 Ceampulo
2942 1640 3239 1719 Hugonis
3267 1640 3577 1721 R0g(erii)

1123 1743 1448 1818 potestate
1490 1739 1704 1799 castri.
1753 1738 2146 1817 Bonagratia
2188 1738 2269 1800 de
2312 1741 2478 1802 Sena
2521 1743 2600 1798 tt.
2688 1738 3019 1800 Odorisius
3060 1738 3141 1800 de
3185 1738 3507 1819 Paganica
3530 1744 3577 1818 ¹)

1126 1836 1314 1897 Rom.
1362 1836 1532 1897 Eccl.
1577 1836 1962 1897 scriniarius.

1440 1934 1701 1995 Florenz
1744 1933 1896 1994 Ast.
1943 1932 2133 2008 (Volt.
2177 1933 2341 1995 1236
2395 1934 2497 1996 IV
2553 1934 2651 2004 10,
2711 1954 2771 1994 n.
2816 1934 2961 2011 396)
3019 1934 3192 2012 Oria.
3253 1935 3393 2012 (aul
3442 1935 3580 1995 dem

1441 2031 1715 2109 qleicken
1761 2032 2132 2108 Perqament
2173 2032 2287 2095 wie
2327 2051 2390 2092 π.
2435 2031 2601 2108 536).

1123 2230 1261 2290 535.
2753 2228 3041 2299 Volterra,
3085 2228 3167 2288 19
3207 2228 3356 2289 Mai
3396 2228 3576 2290 1236.

1244 2325 1730 2399 MOOXXXVI,
1762 2325 1894 2388 ind.
1924 2325 2151 2401 VIIII,
2183 2325 2343 2393 XIV
2365 2325 2491 2386 kal.
2521 2325 2656 2387 iun.
2740 2324 3122 2389 coadunato
3150 2326 3416 2387 consilio
3441 2346 3576 2405 spe-

1123 2424 1266 2486 ciali
1310 2424 1694 2486 Donatus
1736 2422 2035 2486 Ubertini
2077 2423 2309 2486 Vult.
2361 2428 2746 2503 potestas
2795 2423 3015 2484 volens
3056 2423 3448 2485 Florentiam
3491 2424 3580 2484 ire

1122 2524 1377 2603 reliquit
1425 2524 1694 2584 vicarios
1735 2522 2102 2602 Alagerium
2163 2523 2423 2603 Bargesi
2479 2527 2543 2582 et
2603 2521 3052 2602 Bonaguidam
3108 2521 3340 2602 Parigi.
3431 2520 3575 2582 Act.

1121 2623 1299 2686 Vult.
1345 2621 1412 2683 in
1453 2622 1601 2683 ecel.
1648 2622 1890 2682 maiori.
1978 2619 2255 2693 Tedicio,
2287 2619 2579 2681 Casolese
2611 2625 2680 2681 et
2711 2619 2987 2680 Aczeino
3014 2620 3264 2681 nunciis
3291 2621 3578 2682 comunis

1123 2726 1202 2782 tt.
1292 2721 1709 2782 Benvenutus
1750 2720 1904 2799 imp.
1951 2718 2135 2779 Fred.
2181 2725 2317 2781 not.

1448 2817 1605 2882 Volt.
1652 2816 1892 2880 AVeac.
1936 2836 1988 2878 s.
2035 2815 2225 2878 XIII
2264 2816 2388 2878 dec.
2435 2816 2473 2877 4
2514 2834 2578 2877 π.
2624 2816 2706 2878 26
2746 2816 2921 2893 Ονίρ.

1120 3072 1258 3132 536.
2763 3065 3085 3145 (Velio-ra,
3131 3064 3320 3143 April
3360 3064 3572 3143 1236).

1241 3167 1568 3247 G(regorio
1610 3164 1736 3242 IX)
1779 3184 2032 3227 summo
2075 3165 2361 3244 pontifici
2403 3164 2763 3242 capitulum
2791 3161 2968 3223 Vult.
3052 3163 3211 3226 Cum
3260 3161 3577 3223 discordia

1120 3267 1205 3326 sit
1249 3266 1415 3327 inter
1459 3265 1534 3340 (P
1554 3285 1646 3344 ag
1662 3283 1813 3325 anu
1833 3268 1919 3341 m)
1964 3284 2063 3344 ep.
2092 3270 2161 3325 et
2188 3280 2460 3323 comune
2488 3261 2688 3333 Vult„
2723 3259 3136 3338 A(lexander)
3165 3259 3576 3339 cappellanus

1124 3368 1334 3424 vester
1373 3362 1721 3424 inducebat
1762 3381 2052 3435 comune,
2097 3367 2171 3422 ut
2198 3359 2642 3422 satisfacerent
2671 3360 2968 3438 episcopo
2996 3358 3077 3419 de
3104 3357 3422 3439 dampnis,
3451 3376 3577 3437 que

1119 3482 1222 3541 ep.
1267 3461 1525 3523 dicebat
1564 3480 1631 3522 se
1672 3460 2007 3533 habuisse;
2051 3478 2322 3520 comune
2365 3457 2795 3538 respondebat
2848 3477 2917 3518 se
2971 3462 3274 3537 paratum
3330 3455 3465 3516 fore
3518 3457 3578 3515 ei

1120 3558 1487 3621 satisfacere
1527 3558 1608 3620 de
1649 3558 1968 3637 dampnis,
2012 3558 2066 3618 si
2106 3576 2239 3636 qua
2280 3556 2609 3627 intulerat,
2652 3561 2719 3615 et
2773 3554 2856 3616 de
2894 3553 3214 3616 discordia
3268 3560 3438 3615 stare
3492 3553 3578 3614 ad

1119 3676 1217 3735 ep.
1263 3655 1680 3728 mandatum;
1724 3673 1914 3734 super
1955 3653 2192 3734 quibus
2231 3652 2393 3713 ferre
2434 3671 2775 3731 possumus
2815 3670 3031 3712 coram
3077 3650 3260 3712 vobis
3288 3650 3575 3711 testimo·

1120 3754 1297 3816 nium
1344 3754 1657 3816 veritatis.

1448 3850 1582 3913 wie
1621 3870 1685 3912 n.
1729 3849 1850 3911 534
1890 3848 2047 3927 Cop.
2095 3849 2190 3924 (in
2232 3846 2647 3926 umqekebrter
2688 3845 3002 3925 Richtunq
3046 3843 3473 3924 quoto-iehan).

1122 4094 1259 4156 537.
2759 4086 3038 4157 Florem,
3081 4086 3164 4147 26
3206 4085 3356 4146 Μαί
3395 4084 3573 4146 1236.

1244 4191 1538 4251 Potestas
1582 4188 1749 4249 Flor.
1790 4188 2065 4267 precipit
2106 4186 2386 4265 quedam
2427 4184 2508 4246 de
2550 4185 2665 4246 lite
2710 4204 2855 4245 cum
2899 4184 3162 4244 comuni
3191 4182 3390 4243 Vult
3440 4199 3574 4243 am·

1124 4288 1419 4351 baxatori
1461 4287 1750 4348 comunis
1791 4285 2079 4347 Sancti
2124 4283 2593 4344 Geminiani
2636 4289 2704 4344 et
2735 4279 3265 4344 ambaxatoribus
3292 4278 3574 4342 Collis.

1439 4384 1699 4446 morem
1742 4382 1894 4444 Ast.
1942 4381 2134 4460 (νοιι.
2179 4401 2243 4442 η.
2287 4380 2433 4458 389)
2476 4380 2649 4457 Θήρ.
2732 4379 2852 4442 Ed.
2898 4379 3157 4441 Samira·
3197 4377 3349 4439 Doc.
3394 4376 3532 4438 420.

1228 4600 1307 4662 -¹)
1341 4600 1501 4653 ,ςωκ
1535 4615 1588 4651 n.
1629 4601 1751 4652 5:26.
1939 4599 1979 4657 ΕΙ)
2018 4597 2096 4647 ιη
2143 4598 2246 4647 aon
2280 4597 2581 4653 abnam:
2619 4612 2673 4646 ω
2710 4595 2846 4659 qum
2881 4595 2997 4646 am·
3032 4594 3152 4646 om
3201 4594 3292 4644 aa
3329 4592 3571 4644 Numam

1119 4690 1358 4743 donabat.
