4000 5700
1059 541 1506 596 REGESTUM
1541 540 1864 596 VOLATE
1875 542 2101 596 RRAN
2105 543 2163 597 U
2171 544 2228 596 M
2757 545 2865 598 221

412 735 551 799 673.
2461 740 2551 816 (U
2554 759 2620 800 m
2657 739 2864 818 1256).

533 833 892 895 Positiones
938 833 1392 910 (Rainerii)
1437 832 1626 895 eleoti
1669 834 1844 895 Vult.
1875 843 2102 896 eontra
2143 834 2500 910 Guinisium
2544 842 2611 897 et
2653 836 2863 900 Olive-

410 933 576 993 rium
617 931 727 1011 qd.
773 931 1003 993 Iunote
1042 932 1125 992 de
1168 931 1352 993 bonis
1392 932 1498 1011 qd.
1530 931 1803 994 Guinisii
1829 933 1988 993 civis
2021 931 2316 994 Senensis
2343 954 2559 996 coram
2602 934 2865 996 domino

412 1029 871 1105 Penestrino¹).
956 1027 1285 1091 Guinisius
1310 1029 1654 1090 defunctus
1694 1029 1986 1091 condidit
2027 1036 2491 1092 testamentum
2517 1032 2586 1109 ³).
2632 1031 2711 1093 In
2739 1031 2861 1094 hoo

409 1125 756 1198 ordinavit,
799 1125 975 1205 quod
1017 1145 1204 1187 usure
1248 1123 1653 1206 episcopatui
1708 1127 1887 1190 Vult.
1941 1130 2432 1191 restituerentur
2457 1130 2524 1206 ⁸).
2623 1127 2862 1190 Omnes

408 1243 597 1284 usure
618 1230 921 1285 contente
942 1225 1009 1285 in
1027 1223 1190 1285 libro
1211 1218 1615 1303 receptorum
1637 1223 1910 1287 Guinisii
1931 1226 2325 1287 restituende
2355 1232 2510 1287 sunt
2528 1230 2596 1304 ⁴).
2627 1228 2859 1288 Ascen-

407 1322 574 1383 dunt
600 1321 689 1382 ad
714 1328 961 1400 septem
990 1322 1168 1383 milia
1207 1323 1651 1402 septingentas
1691 1324 2107 1403 septuaginta
2152 1322 2259 1385 lib.
2305 1324 2478 1384 Vult.
2500 1328 2567 1401 ⁹).
2614 1327 2859 1386 Exeou·

405 1426 612 1482 torem
653 1438 991 1482 usurarum
1033 1420 1577 1482 restituendarum
1617 1420 1944 1482 ordinavit
1991 1422 2363 1500 episcopum
2418 1420 2761 1483 Senensem
2788 1424 2857 1500 ⁶).

406 1516 690 1579 Heredes
728 1517 815 1578 ad
854 1537 962 1578 eas
1000 1517 1359 1579 reddendas
1400 1518 1784 1580 constrinxit
1806 1520 1877 1595 ⁷).
1907 1519 2235 1582 Guinisius
2262 1526 2329 1581 et
2357 1519 2677 1582 Oliverius
2704 1525 2858 1581 sunt

405 1615 667 1677 heredes
690 1617 761 1693 ⁸).
804 1615 941 1695 Ipsi
979 1621 1133 1677 sunt
1173 1613 1435 1677 heredes
1474 1617 1677 1694 partis
1725 1615 2218 1693 possessionum,
2259 1616 2508 1691 domus,
2552 1618 2854 1691 turrium,

406 1714 756 1785 vinearum,
801 1717 1113 1773 terrarum
1138 1713 1208 1789 ⁹).
1253 1712 1447 1773 Ponit
1487 1731 1595 1772 eos
1634 1712 1853 1773 decem
1912 1712 2088 1773 milia
2145 1712 2248 1774 lib.
2307 1714 2465 1775 Vult
2538 1714 2619 1776 de
2671 1712 2860 1776 bonis

402 1809 745 1873 mobilibus
784 1809 1086 1871 habuisse
1112 1811 1197 1886 ¹⁰).
1245 1810 1436 1870 Ponit
1478 1829 1605 1895 eos·
1628 1809 1708 1871 de
1748 1829 1982 1872 novem
2026 1811 2281 1873 milibus
2335 1812 2704 1892 quingentis
2746 1812 2856 1873 de-

400 1907 765 1970 scendendo
802 1927 917 1987 per
956 1905 1312 1987 quemlibet
1351 1926 1687 1969 numerum
1732 1908 1818 1969 ad
1858 1907 1912 1968 L
1950 1908 2148 1970 libras
2176 1909 2473 1972 habuisse
2499 1911 2590 1987 ¹¹).
2624 1910 2852 1971 Ad'sa-

403 2004 852 2066 tisfaciendum
881 2004 1085 2066 eleeto
1110 2024 1152 2065 a
1180 2004 1477 2082 (Thoma)
1509 2003 1772 2066 Senensi
1800 2025 1896 2084 ep.
1926 2007 2158 2069 moniti
2186 2012 2339 2067 sunt
2367 2007 2460 2084 Ι’).
2489 2006 2853 2069 Noluerunt

398 2122 621 2183 parere
648 2104 737 2180 ¹⁸).
782 2103 1006 2164 Annus
1044 2107 1193 2183 post
1236 2108 1509 2163 mortem
1553 2108 1919 2163 transactus
1959 2109 2059 2164 est
2085 2105 2176 2181 ¹⁴).
2223 2104 2447 2166 Annus
2473 2111 2622 2184 post
2650 2106 2850 2166 moni-

400 2203 644 2263 tionem
684 2220 784 2279 ep.
828 2205 1195 2260 transactus
1224 2208 1322 2260 est
1343 2201 1432 2273 ιι’·).
1463 2200 1743 2260 Interest
1770 2198 1958 2260 electi
1985 2219 2212 2261 usuras
2239 2200 2484 2262 solutes
2511 2201 2597 2262 ad
2625 2203 2848 2263 volun-

399 2304 604 2360 tatem
643 2297 933 2360 defuncti
972 2296 1169 2358 fuisse
1194 2298 1286 2373 ¹⁸³).
1329 2296 1474 2358 Hoo
1516 2296 1815 2359 interesse
1856 2297 2148 2359 ascendit
2187 2296 2275 2358 ad
2305 2298 2375 2358 M
2403 2298 2512 2359 lib.
2556 2298 2850 2360 Proveei-

398 2416 646 2458 norum.
715 2396 856 2457 Has
883 2396 1235 2474 positiones
1259 2394 1416 2455 feeit
1436 2400 1812 2472 procurator
1831 2393 2038 2468 eleoti,
2062 2395 2256 2455 salvis
2283 2396 2444 2468 aliis,
2467 2415 2631 2475 quas
2653 2396 2855 2459 faciet

397 2495 692 2557 consulto
732 2492 1084 2572 principali.

724 2592 885 2654 Volt.
932 2592 1168 2653 AVesc.
1218 2590 1381 2668 App.
1412 2609 1460 2651 s.
1491 2589 1681 2651 XIII
1705 2589 1871 2652 Rau.
1899 2610 1962 2651 n.
1993 2591 2033 2652 6
2060 2590 2232 2668 Oriq.
2275 2592 2415 2668 (mit
2438 2590 2847 2654 Randbemer·

716 2689 964 2764 kunqen
1004 2686 1109 2748 der
1155 2687 1577 2765 Geqenpartei‚
1634 2687 1735 2748 die
1787 2688 1887 2749 ioh
1938 2695 2131 2749 umen
2186 2689 2343 2759 qebe.
2436 2688 2575 2749 Das
2612 2688 2850 2750 Datum

713 2786 937 2867 erqiebt
993 2786 1126 2847 sich
1185 2805 1305 2847 aue
1364 2785 1504 2847 dem
1562 2786 1951 2865 Papstbriese
2011 2806 2129 2847 von
2189 2786 2353 2850 1255
2412 2787 2693 2848 Februar
2745 2788 2847 2860 25,

710 2908 776 2949 n.
820 2886 958 2958 654,
1006 2886 1137 2947 und
1176 2884 1311 2946 dem
1353 2904 1490 2945 vom
1529 2884 1612 2946 25
1645 2885 1995 2962 September
2034 2886 2215 2961 1255,
2257 2905 2321 2947 π.
2367 2885 2530 2962 661).

392 3182 531 3245 674.
1768 3178 2137 3256 Beriqnone,
2182 3179 2260 3241 21
2306 3179 2626 3241 Dezember
2664 3180 2843 3241 1257.

510 3276 846 3349 MCCLVI,
906 3276 1034 3337 ind.
1093 3276 1238 3349 XV,
1295 3275 1435 3338 XII
1476 3275 1601 3336 kal.
1644 3278 1770 3337 ian.
1875 3275 2322 3337 Rainerius
2364 3277 2538 3337 Vult.
2605 3277 2843 3338 electus

388 3375 729 3436 constituit
771 3374 1246 3435 Bonaccursum
1292 3372 1700 3434 Bellincionis
1740 3373 1821 3434 de
1862 3372 2184 3435 Adimaris
2222 3379 2615 3453 potestatem
2662 3374 2839 3436 Vult.

393 3482 680 3553 tempore
719 3491 834 3533 sue
873 3474 1224 3552 potestarie
1264 3491 1380 3550 pro
1418 3472 1794 3551 episcopatu
1836 3472 2014 3533 Vult.
2056 3471 2331 3532 iudicem
2372 3475 2658 3533 omnium
2694 3492 2843 3533 oau-

388 3590 623 3644 samm,
666 3590 828 3650 quas
869 3571 1142 3650 quisque
1182 3568 1262 3629 de
1302 3571 1571 3630 civitate
1611 3570 1712 3630 vel
1754 3569 2053 3630 districtu
2084 3569 2258 3630 Vult.
2301 3575 2527 3631 eontra
2566 3569 2844 3632 electum

532 3851 574 3916 ¹)
615 3849 902 3915 Stephano
939 3848 1090 3900 eard.
1130 3862 1215 3913 ep.
1242 3849 1596 3901 Prenestino:
1634 3849 1733 3902 mit
1755 3848 1877 3898 dem
1911 3808 2085 3898 ersten
2120 3849 2340 3897 Prozess
2362 3848 2427 3897 in
2461 3847 2637 3897 dieser
2659 3847 2836 3897 Saohe

384 3941 526 3990 haue
560 3937 871 3990 Alexander
903 3937 993 3989 IV
1032 3938 1138 3989 den»
1184 3938 1410 4000 Bischos
1458 3937 1692 3988 Thomas
1740 3953 1843 3987 von
1874 3937 2047 3987 Siena
2084 3937 2385 4000 beaustraqt
2423 3936 2591 4000 (siche
2620 3952 2674 3987 n.
2715 3938 2835 3986 637.

387 4031 506 4079 642.
546 4030 665 4080 654.
705 4028 861 4091 661).·
900 4044 955 4078 es
990 4042 1142 4077 muse
1176 4027 1269 4077 ein
1300 4028 1505 4078 zweiter
1540 4042 1631 4076 vor
1662 4027 1785 4077 dem
1825 4025 2305 4086 Kardinalbisehos
2350 4041 2453 4074 von
2501 4025 2831 4075 Palem-ina

384 4117 535 4182 notiq
574 4119 846 4181 geworden
885 4118 1018 4166 sein.
1240 4117 1283 4181 ²)
1324 4116 1455 4166 Non
1491 4116 1752 4165 ereditur.
1963 4114 2009 4181 ⁸)
2051 4115 2180 4166 Non
2214 4114 2476 4174 creditur,
2514 4114 2625 4163 nisi
2662 4129 2834 4179 appa-

382 4210 520 4256 reat.
757 4205 801 4269 ⁴²)
842 4204 1154 4269 Dependet.
1392 4201 1437 4266 ⁵)
1476 4204 1789 4269 Dependet.
2017 4204 2063 4270 ⁸)
2103 4202 2418 4268 Dependet.
2649 4202 2692 4269 ἵ)
2733 4203 2838 4252 De-

382 4293 607 4360 pendet.
791 4295 835 4361 ι“)
877 4295 1008 4345 Non
1043 4293 1238 4346 eredit.
1421 4290 1465 4359 ⁹)
1507 4293 1697 4343 Credit
1720 4308 1781 4343 se
1805 4307 1920 4342 non
1945 4293 2094 4342 sieut
2117 4293 2345 4342 heredes
2382 4289 2470 4342 vel
2510 4290 2688 4341 bonos
2715 4307 2836 4355 pos-

380 4398 638 4446 sessores,
664 4385 762 4436 sed
788 4399 889 4450 pro
914 4385 1024 4434 elio
1051 4385 1188 4442 iure,
1214 4384 1369 4450 quod
1391 4385 1474 4434 ibi
1498 4383 1728 4434 habent.
1889 4381 1954 4449 ¹⁰)
1981 4382 2178 4432 Credit
2210 4382 2280 4432 de
2317 4382 2640 4447 quingentis
2677 4378 2838 4432 libris

379 4479 440 4524 et
473 4488 589 4523 non
627 4473 900 4538 pluribus,
938 4472 1038 4522 sed
1060 4486 1179 4522 non
1215 4480 1512 4537 tamquam
1535 4470 1765 4522 heredes
1788 4474 1848 4522 et
1873 4471 2051 4521 bonos
2077 4484 2438 4535 possessores,
2464 4467 2565 4519 sed
2592 4484 2696 4534 pro
2721 4466 2834 4519 elio

378 4559 513 4620 iure,
543 4561 695 4623 quod
720 4559 801 4610 ibi
825 4561 1054 4612 habent.
1204 4559 1271 4626 ¹²)
1298 4561 1655 4625 Responsum
1691 4561 1793 4611 est.
1942 4557 2011 4625 ¹⁸)
2038 4558 2244 4619 Credit,
2269 4557 2317 4610 si
2352 4562 2644 4623 appareat:
2672 4558 2838 4608 aliter

377 4663 493 4700 non
528 4650 722 4699 eredit.
873 4650 938 4716 ιτ’)
979 4649 1290 4714 Dependet.
1440 4648 1505 4714 ¹⁴)
1546 4648 1750 4698 Credit.
1880 4647 1947 4713 ιδ)
1987 4647 2300 4713 Dependet.
2427 4647 2491 4712 ¹⁰)
2533 4647 2836 4712 Dependet

376 4755 412 4790 e
448 4754 660 4804 primis.
