4000 5700
1065 487 1169 543 174
1703 484 2153 540 REGESTUM
2190 481 2884 538 VOLATERRANUM

1059 683 1252 744 ciam.
1311 683 1485 756 Quas
1527 684 1581 741 si
1623 701 1751 742 non
1793 680 2038 752 reddet,
2093 678 2369 741 Ballioni
2421 698 2735 757 expensas
2790 678 3087 738 resarciet
3145 688 3210 736 et
3266 696 3555 756 penam.

1061 799 1188 859 que
1229 779 1418 840 hodie
1459 780 1673 841 excisa
1715 788 1817 838 est
1857 797 2009 839 cum
2049 785 2237 857 parte
2276 785 2475 849 carte,
2517 777 2746 837 solvet.
2834 776 2978 834 Act.
3030 775 3096 834 in
3150 794 3404 835 cassato
3454 774 3559 834 de

1062 876 1442 957 Berignone.
1526 876 1747 937 Presb.
1806 877 2090 937 Martino
2143 874 2479 954 capellano
2531 893 2633 952 ep.
2677 874 2961 933 Martino
3014 872 3249 933 Oiueci.
3292 871 3552 932 Iohan-

1059 980 1255 1035 necto
1305 977 1659 1035 camerario
1711 982 1795 1034 tt.
1921 973 2300 1035 Bonfiliolus
2361 972 2470 1051 qd.
2529 970 2894 1032 Trinehetti
2953 970 3035 1032 de
3099 971 3319 1032 Monte
3373 970 3552 1031 Vul-

1059 1073 1232 1131 traio
1272 1080 1410 1132 not.

1391 1169 1548 1232 Volt.
1592 1169 1836 1232 AVeec.
1884 1170 2056 1248 App.
2091 1168 2401 1245 Iul-Pam
2433 1167 2742 1229 eoll'anno
2768 1187 2831 1227 n.
2862 1167 2904 1227 5
2925 1166 3099 1244 Oriq.
3133 1165 3348 1243 (durch
3369 1167 3554 1226 Ein-

1384 1267 1642 1329 achaiae
1682 1267 1977 1345 unqv’illiy
2024 1265 2340 1345 qemacht).

1060 1462 1206 1523 495.
2602 1461 2885 1538 Anaqm‘,
2928 1461 3012 1522 30
3048 1461 3307 1522 Joenuar
3346 1461 3545 1522 1233.

1188 1559 1635 1639 Gregorius
1693 1559 1805 1620 IX
1872 1560 2098 1621 abbati
2160 1559 2436 1620 8.1usti
2490 1559 2669 1621 Vult.
2801 1559 2984 1619 Prior
3043 1567 3112 1620 et
3169 1559 3545 1637 capitulum

1066 1678 1118 1719 s.
1162 1658 1338 1720 Petri
1380 1660 1639 1719 maioris
1681 1658 1836 1718 Luc.
1886 1660 2223 1737 conquesti
2278 1666 2451 1731 sunt,
2496 1658 2676 1736 quod
2730 1656 2932 1726 abbas
2984 1658 3067 1718 de
3121 1657 3548 1736 Centignano

1062 1753 1355 1817 Camald.
1399 1755 1561 1828 ord.‚
1605 1754 1678 1815 V.
1739 1755 1940 1827 milen,
1997 1757 2097 1828 B„
2142 1756 2250 1816 alii
2304 1756 2648 1817 civitatum
2706 1761 2772 1815 et
2827 1755 2991 1815 dioc.
3043 1754 3197 1816 Luc.
3240 1764 3306 1815 et
3347 1755 3539 1816 Vult.

1065 1872 1260 1932 super
1278 1853 1654 1932 hospitalis.
1684 1853 1880 1926 Petri,
1911 1855 2118 1925 terrie,
2148 1853 2508 1914 redditibus
2534 1855 2921 1914 iniuriantur
2946 1853 3205 1914 eisdem.
3235 1853 3541 1923 Mandat,

1062 1957 1390 2030 quatenus
1429 1970 1692 2012 causam
1733 1951 1960 2012 audiat
2016 1959 2082 2010 et
2137 1951 2416 2012 decidat.
2521 1951 2753 2012 «Prior
2790 1957 2858 2010 et
2879 1973 2925 2010 ».
3025 1952 3180 2011 Dat.
3237 1952 3539 2030 Anagnie

1068 2048 1171 2109 III
1215 2049 1342 2110 kal.
1384 2048 1538 2122 feb„
1582 2056 1760 2129 pont.
1805 2048 1916 2111 VI.

1386 2146 1647 2207 florenz
1690 2145 1843 2207 Ast.
1890 2146 2079 2222 (Volt.
2125 2167 2187 2206 n.
2233 2146 2378 2223 335)
2422 2146 2596 2224 Θήρ.
2642 2146 2856 2224 (Βαλίε
2879 2167 2967 2206 an
2991 2147 3444 2224 Hanfechnur).

1066 2342 1209 2402 496.
2702 2342 2994 2415 Volterra,
3039 2342 3078 2403 6
3119 2342 3306 2403 Mc'irz
3345 2342 3529 2404 1233.

1192 2438 1655 2512 MCCXXXII,
1700 2439 1767 2499 11
1811 2459 1958 2500 non.
2006 2447 2218 2513 mart„
2261 2440 2389 2500 ind.
2438 2439 2550 2500 VI.
2634 2441 2934 2502 Corsinus
2988 2440 3068 2501 de
3124 2440 3531 2520 Gangalandi

1067 2545 1358 2618 pot-estas
1399 2538 1577 2598 Vult.
1621 2538 1699 2598 de
1741 2559 2009 2599 consens
1999 2559 2054 2599 :u
2098 2539 2601 2599 consiliariorum
2625 2539 2825 2599 VIIII
2853 2559 3115 2600 suorum
3143 2547 3210 2599 et
3239 2542 3530 2601 comunis

1064 2636 1408 2695 constituit
1449 2635 1859 2696 vincentium
1903 2642 2040 2695 not.
2072 2635 2181 2713 qd.
2213 2634 2653 2696 Ildebrandini
2679 2655 2895 2696 coram
2924 2635 3113 2698 Oddo
3140 2636 3314 2697 card.
3338 2640 3381 2714 ¹)
3412 2656 3530 2715 pro

1064 2752 1262 2793 causa
1305 2733 1474 2792 inter
1513 2752 1783 2792 comune
1824 2740 1892 2794 et
1922 2732 2028 2793 Pa
2043 2736 2418 2812 g(anum)
2451 2733 2626 2794 Vult.
2657 2753 2757 2812 ep.
2797 2742 3294 2811 procuratorem.
3382 2736 3524 2795 Act.

1067 2830 1245 2892 Vult.
1290 2832 1357 2892 in
1397 2830 1593 2891 domo
1646 2831 2065 2910 Bomparenti
2123 2832 2232 2912 qd.
2292 2832 2640 2893 Bonefidei.
2743 2832 2976 2893 Maffeo
3030 2832 3373 2892 Maliacino
3415 2833 3523 2913 qd.

1067 2928 1391 2989 Iohannis,
1437 2930 1789 2989 Affricante
1830 2929 1877 2989 f.
1923 2928 2239 2990 Deotifeci
2282 2936 2363 2989 tt.
2450 2930 2818 2991 Bembonus
2861 2931 3048 2990 Fred.
3094 2932 3245 3008 imp.
3293 2938 3423 2991 not.

1389 3025 1654 3086 onrenz
1697 3025 1847 3086 Ast.
1894 3026 2085 3100 (Volt.
2130 3026 2291 3087 1232
2332 3027 2452 3086 III
2496 3027 2553 3099 6,
2598 3049 2657 3087 n.
2702 3027 2848 3105 321)
2891 3028 3063 3104 Oriy.

1068 3221 1206 3281 497.
2771 3221 2986 3295 Siena,
3030 3222 3112 3281 15
3153 3223 3301 3282 Mai
3344 3222 3522 3283 1233.

1194 3319 1466 3380 Parente
1503 3318 1606 3399 qd.
1640 3318 2031 3379 Lanfranchi
2061 3325 2438 3397 procurator
2466 3319 2788 3381 Coi-sini
2822 3320 3033 3380 Vult.
3067 3333 3257 3398 pote
3225 3322 3526 3380 astatis

1068 3419 1467 3478 renuntiavit
1524 3416 1887 3477 Guillielmo
1940 3419 2165 3477 Amati
2188 3422 2232 3493 ²¹)
2290 3418 2431 3479 Seu.
2485 3420 2800 3495 potestati
2854 3417 2934 3478 de
2988 3438 3118 3479 non
3175 3419 3526 3479 securando

1066 3514 1378 3577 Senenses
1417 3515 1631 3577 eundo
1673 3535 1784 3593 per
1828 3515 2001 3575 Vult.
2048 3535 2157 3575 seu
2201 3516 2569 3576 districtum
2612 3514 2695 3574 ab
2738 3516 2926 3577 hodie
2973 3517 3140 3576 ultra
3170 3515 3239 3576 ΙΙ
3283 3535 3528 3577 menses

1069 3614 1419 3674 secundum
1461 3614 1964 3673 instrumentum
2023 3613 2460 3674 Bartholomei
2516 3620 2647 3674 not.
2741 3614 2920 3674 Fact.
2980 3614 3160 3674 Senis
3214 3616 3280 3674 in
3336 3614 3527 3674 domo

1070 3709 1338 3773 Orlandi
1379 3721 1447 3774 et
1487 3710 1772 3790 Gregorii
1814 3711 1922 3790 qd.
1969 3709 2282 3771 Gnidonis
2322 3731 2495 3772 nunc
2537 3714 2712 3772 curia
2754 3714 3119 3790 potestatis.
3207 3711 3529 3773 Anibaldo

1072 3808 1272 3868 milite
1314 3809 1463 3868 eiua.
1509 3806 1720 3868 Guido
1761 3806 1862 3868 del
1905 3807 2312 3887 Camarlingo
2353 3809 2431 3869 de
2489 3810 2687 3872 Senis,
2733 3809 3176 3871 Ildibrandino
3234 3809 3335 3890 qd.
3382 3809 3524 3871 Gal-

1068 3906 1217 3986 gani
1260 3906 1340 3966 de
1377 3906 1694 3966 Monterio
1725 3911 1803 3964 tt.
1892 3905 2389 3977 MOCXXXIII,
2422 3906 2554 3967 ind.
2586 3906 2700 3979 VI,
2732 3907 2813 3968 id.
2846 3909 2991 3967 mai.
3075 3909 3529 3969 Provenzanus

1070 4024 1117 4063 s,
1163 4005 1317 4080 imp.
1360 4010 1495 4064 not.

1390 4101 1649 4162 Florem
1692 4100 1846 4162 Ast.
1895 4102 2081 4176 (Volt.
2131 4124 2188 4161 u.
2232 4102 2377 4178 336)
2422 4102 2593 4179 Θήρ.

1073 4299 1265 4363 498.
2618 4298 2896 4366 Florcnz,
2940 4299 3020 4359 25
3062 4300 3312 4377 Auyuet
3350 4301 3527 4363 1233.

1193 4396 1561 4456 Potestates
1586 4401 1655 4455 et
1683 4393 2162 4457 ambaxiatores
2190 4399 2561 4456 eomunium
2607 4397 2661 4457 V
2679 4397 2821 4457 ult.
2854 4403 2921 4456 et
2949 4397 2991 4457 S
3009 4400 3234 4458 ancti
3278 4397 3526 4458 Gemi

1074 4494 1301 4553 niani
1345 4494 1917 4571 compromiserunt
1962 4496 2030 4552 in
2071 4501 2464 4571 potestatem
2508 4495 2671 4554 Flor.
2718 4496 2798 4554 de
2841 4495 2951 4555 lite
2994 4497 3321 4556 occasione
3351 4498 3527 4556 novi-

1228 4699 1265 4761 ¹)
1304 4697 1518 4748 Ottone
1552 4696 1806 4749 Candido
1845 4711 1887 4747 s.
1927 4698 2146 4750 Nicolai
2184 4701 2243 4750 in
2278 4701 2431 4751 Care.
2458 4698 2599 4752 Tull.
2627 4701 2770 4750 diae.
2800 4702 2948 4751 eard.
3027 4702 3070 4762 ²)
3093 4702 3216 4752 Aue
3251 4703 3527 4754 Cremona.
