4000 5700
1095 495 1204 547 223
1746 491 2191 548 REGESTUM
2228 492 2847 548 VOLATERRANU
2855 493 2912 545 M

1096 690 1285 751 berto
1321 687 1686 760 tenebat-ur,
1730 694 2050 769 cogerent,
2098 707 2267 769 papa
2323 687 2708 749 Florentinis
2765 688 3123 761 mandavit,
3168 696 3245 749 ut
3302 689 3384 751 ab
3437 690 3563 751 hoc

1092 787 1272 848 facto
1310 786 1708 848 desisterent.
1754 785 2048 860 Mandat,
2091 784 2422 865 quatinus,
2469 786 2520 846 si
2564 805 2693 847 non
2721 785 3010 857 iecerint,
3039 805 3150 847 eos
3176 787 3261 848 ad
3288 786 3356 848 id
3383 808 3560 849 com·

1094 884 1312 965 pellat,
1360 886 1636 963 proviso,
1680 903 1761 944 ne
1806 886 1873 944 in
1916 885 2407 945 universitatem
2451 882 2616 944 Flor.
2669 885 3400 946 excommunicationem
3455 886 3562 946 vel

1092 981 1510 1042 interdictum
1541 981 1661 1041 nisi
1689 980 1770 1042 de
1799 980 2057 1059 speciali
2089 979 2402 1041 mandato
2431 978 2735 1058 proferat.
2821 1000 2848 1038 ⁴1
2870 977 3052 1040 Sicut
3080 979 3246 1042 boue
3267 1001 3314 1043 t.
3399 982 3555 1042 Dat.

1093 1079 1399 1140 Laterani
1443 1079 1506 1138 X
1549 1078 1678 1141 kal.
1725 1079 1899 1154 maii,
1942 1083 2126 1158 pont.
2173 1077 2296 1140 111.

1424 1176 1579 1237 Vou.
1614 1174 1853 1236 AVesc.
1884 1193 1934 1235 ε.
1964 1173 2156 1234 XIII
2184 1173 2310 1235 dec.
2339 1174 2382 1235 6
2406 1193 2474 1236 n.
2503 1173 2588 1235 39
2611 1173 2785 1252 Oriq.
2818 1160 3032 1250 (Bane
3057 1175 3376 1253 verlorm).

1092 1399 1230 1458 685.
2776 1396 3036 1470 Viterbo,
3082 1395 3123 1457 8
3159 1396 3329 1458 Jum'
3369 1398 3550 1461 1257.

1216 1494 1668 1557 Alexander
1711 1493 1815 1554 IV
1858 1492 2192 1572 (Henrico)
2236 1514 2336 1572 ep.
2381 1494 2662 1556 Lucano.
2768 1494 2935 1568 Quia
2990 1494 3160 1556 bona
3215 1494 3556 1574 hospitalia

1090 1593 1429 1679 Altopassi
1459 1592 1869 1670 diripiuntur,
1912 1592 2204 1661 mandat,
2250 1592 2560 1672 quatinus
2601 1611 2728 1665 eos,
2760 1593 2873 1670 qui
2902 1593 3040 1671 ipsa
3067 1591 3382 1665 detinent,
3412 1593 3553 1655 red·

1090 1691 1238 1752 dere
1280 1697 1579 1751 recusant
1619 1696 1685 1751 et
1728 1691 1992 1751 nuntios
2033 1690 2369 1770 hospitalis
2410 1690 2493 1751 ad
2538 1697 2755 1769 partes
2798 1690 2986 1752 Italic
3043 1691 3128 1751 ad
3174 1692 3553 1753 elemosinas

1089 1789 1476 1868 colligendas
1521 1788 1745 1849 missos
1784 1787 2172 1867 impediunt,
2204 1787 2291 1848 ad
2316 1788 2700 1850 cessandum
2731 1796 2798 1848 et
2826 1788 3347 1850 satisfaciendum
3378 1809 3551 1851 com-

1090 1886 1290 1966 pellat
1330 1886 1964 1965 archiepiscoposque
2005 1892 2073 1947 et
2112 1888 2445 1965 episcopos
2487 1888 2808 1948 dictarum
2836 1887 3119 1965 partium
3151 1894 3430 1960 moneat,
3475 1894 3552 1949 ut

1092 1984 1353 2045 nuntios
1394 1984 1726 2056 adiuvent;
1772 1981 1948 2062 quod
1990 1983 2043 2043 si
2074 2002 2206 2045 non
2231 1982 2520 2055 fecerint,
2553 1984 2796 2043 nuntiis
2822 1982 3200 2044 facultatem
3237 1982 3554 2044 concedat

1090 2100 1198 2142 eos
1231 2100 1497 2142 censura
1540 2079 1965 2142 ecclesiastica
2007 2080 2476 2161 compescendi.
2558 2079 2768 2141 «Cum
2810 2081 2931 2141 Dei
2951 2101 2995 2140 ι).
3083 2080 3228 2141 Dat.
3274 2079 3553 2143 Viterbii

1090 2178 1182 2241 VI
1223 2178 1308 2240 id.
1355 2180 1511 2244 iun..
1556 2186 1733 2258 pont.
1780 2177 1901 2239 111.

1418 2275 1573 2338 Vols.
1606 2267 1829 2354 AC'izp.
1858 2296 1922 2337 n.
1952 2276 2077 2338 222
2103 2274 2514 2355 qleichzeitiqe
2543 2274 2697 2355 cop.

1089 2481 1227 2542 686.
2835 2479 3011 2553 Pisa,
3056 2480 3136 2541 25
3175 2478 3322 2540 Juli
3363 2479 3547 2542 1257.

1207 2577 1558 2640 Consilium
1586 2578 1926 2649 credentie‚
1958 2584 2332 2638 senatorum
2363 2583 2430 2638 et
2457 2579 2864 2638 antianorum
2901 2578 3020 2638 Pis.
3048 2577 3268 2657 populi
3294 2597 3334 2638 a
3361 2578 3552 2639 nobis

1090 2675 1429 2736 Ricciardo
1470 2675 1550 2737 de
1593 2675 1760 2736 Villa
1800 2676 1929 2736 Pis.
1974 2682 2299 2756 potestate
2342 2677 2653 2755 petitum:
2709 2676 2870 2737 Cum
2928 2675 3552 2737 ambaxiatores

1089 2774 1301 2835 Vult.
1347 2782 1595 2852 petant,
1638 2781 1713 2834 ut
1754 2772 2182 2835 concedamus
2223 2773 2687 2835 mercatoribus
2730 2774 2903 2835 Vult.
2962 2773 3289 2835 licentiam
3345 2773 3551 2834 disea-

1089 2873 1334 2935 ricandi
1374 2874 1442 2933 in
1483 2872 1774 2951 portibus
1818 2873 1938 2933 Pis.
1984 2870 2249 2933 bladum
2293 2878 2362 2933 et
2388 2891 2678 2950 granum,
2712 2871 2888 2950 quod
2916 2872 3000 2934 ad
3025 2879 3253 2951 portus
3281 2871 3549 2932 reduxe-

1089 2972 1216 3032 rint
1260 2976 1326 3031 et
1368 2972 1659 3041 emerint,
1705 2972 1771 3030 in
1814 2968 2104 3049 partibus
2146 2969 2358 3050 pelagi
2400 2977 2641 3042 tamen,
2685 2977 2754 3031 et
2792 2970 2872 3031 de
2915 2969 3208 3049 portibus
3249 2970 3335 3031 ad
3368 2969 3545 3031 Vult.

1086 3070 1221 3130 sine
1261 3068 1534 3149 pedagio
1559 3088 1675 3149 per
1700 3067 1963 3129 fortiam
1993 3069 2116 3129 Pis.
2147 3069 2554 3149 exportandi,
2585 3068 2743 3147 quid
2771 3069 2919 3129 inde
2945 3069 3188 3147 placet?
3278 3067 3552 3130 Summa

1085 3168 1362 3229 consilii:
1408 3167 1832 3239 Concedatur,
1879 3166 2054 3248 quod
2095 3168 2268 3227 cives
2310 3166 2488 3227 Vult.
2532 3167 2779 3246 possint
2820 3166 3217 3227 frumentum
3247 3168 3381 3228 sive
3409 3166 3548 3227 bla-

1084 3264 1240 3325 dum
1282 3264 1625 3326 emendum
1655 3266 1721 3325 in
1749 3264 2264 3343 quibuscumque
2309 3263 2459 3325 locis
2487 3273 2672 3324 extra
2702 3265 3033 3326 civitatem
3063 3270 3129 3324 et
3170 3263 3538 3324 districtum

1085 3361 1234 3434 Pis„
1260 3367 1669 3440 preterquam
1701 3362 1765 3420 in
1786 3361 2085 3430 Cornet0‚
2110 3363 2424 3421 comitatu
2449 3360 2951 3431 Ildibrandesco,
2974 3360 3280 3423 Grosseto
3307 3367 3373 3422 et
3396 3360 3550 3421 inde

1086 3477 1287 3537 usque
1310 3458 1393 3518 ad
1420 3456 2122 3530 Civitatemvecchiam,
2153 3457 2586 3518 reducendum
2616 3477 2656 3518 a
2698 3457 3209 3537 quibuscumque
3243 3457 3541 3531 navibus,

1084 3554 1166 3617 de
1227 3575 1359 3634 qua
1420 3555 1745 3633 emptione
1800 3561 2157 3633 appaieant
2197 3553 2461 3635 publica
2517 3556 2944 3616 instrumenta
3001 3563 3066 3616 et
3127 3555 3340 3616 littere
3395 3574 3542 3616 cum

1084 3652 1289 3734 sigillo
1330 3653 1591 3715 rectoris
1634 3662 1751 3714 aut
1792 3654 2102 3728 comuniS‚
2149 3673 2351 3732 usque
2394 3654 2476 3714 ad
2519 3653 2643 3714 kal.
2699 3655 2829 3714 iun.
2888 3662 3148 3716 tantum
3202 3661 3544 3733 exportare

1084 3749 1166 3810 de
1206 3751 1475 3812 civitate
1515 3756 1583 3810 et
1625 3749 1921 3811 districtu
1966 3750 2094 3811 Pis.
2126 3752 2260 3812 sine
2303 3750 2596 3831 pedagio,
2641 3752 2820 3812 salvo
2862 3752 3038 3831 quod
3066 3751 3242 3829 apud
3272 3751 3542 3812 Portum

1085 3847 1390 3909 Pisanum
1434 3855 1499 3909 et
1540 3869 1670 3909 non
1700 3848 1853 3910 alibi
1881 3847 2207 3927 applicent
2231 3853 2294 3926 ¹).
2381 3850 2654 3910 Factum
2696 3852 2762 3910 in
2804 3849 2999 3912 domo
3035 3851 3420 3912 Bonaccursi
3461 3848 3543 3909 de

1088 3945 1348 4016 BlancO,
1393 3947 1459 4005 in
1500 3966 1629 4024 qua
1672 3945 1838 4006 fiunt
1880 3946 2147 4007 consilia
2189 3945 2310 4007 Pis.
2355 3947 2655 4007 civitatis.
2759 3945 3168 4021 MCCLVIII,
3212 3946 3339 4007 ind.
3391 3945 3538 4016 XV,

1086 4043 1252 4105 VIII
1294 4042 1419 4103 kal.
1465 4062 1610 4123 aug.
1695 4043 1999 4122 Sequenti
2043 4043 2147 4104 die
2191 4045 2568 4106 Ricciardus
2609 4043 2688 4106 de
2718 4045 2884 4105 Villa
2912 4045 2992 4106 de
3021 4045 3383 4107 Mediolano
3412 4045 3537 4105 Pis.

1084 4146 1373 4220 potestas
1413 4141 1595 4201 dedit
1636 4141 1884 4203 civibus
1925 4142 2101 4202 Vult.
2148 4142 2470 4203 licentiam
2513 4162 2782 4221 granum
2824 4143 3165 4204 reducendi
3210 4148 3277 4203 ct
3316 4162 3541 4223 expor-

1085 4239 1268 4299 tandi
1310 4257 1525 4299 secure
1567 4258 1679 4318 per
1722 4258 1895 4299 mare
1938 4245 2007 4300 et
2046 4245 2301 4300 terram.
2389 4241 2530 4301 Act.
2576 4241 2738 4302 Pisis
2777 4243 2844 4302 in
2886 4240 3082 4302 domo
3122 4241 3429 4311 comunis,
3473 4240 3539 4300 in

1082 4355 1213 4415 qua
1256 4342 1544 4397 moratur
1585 4342 1889 4415 potestas.
1974 4335 2271 4398 Gnidone
2316 4339 2529 4398 Boccii
2571 4337 2680 4417 qd.
2727 4335 3010 4400 Rainerii
3052 4345 3118 4400 et
3160 4338 3404 4400 Grunio
3448 4339 3540 4398 iu·

1226 4523 1272 4590 ¹)
1316 4514 1454 4573 Uber
1488 4525 1593 4574 den
1633 4526 2100 4587 Getreide-Export
2137 4527 2274 4575 nach
2301 4528 2454 4586 Pisa,
2482 4527 2761 4575 besonders
2786 4543 2888 4576 aus
2918 4528 3010 4577 der
3035 4528 3360 4586 Maremma,
3391 4527 3535 4576 siche

1078 4613 1319 4662 Schaube
1342 4613 1878 4676 Handelsqeschichte
1898 4614 1992 4662 der
2018 4614 2392 4664 romani-ichen
2424 4614 2622 4664 νόησεν
2646 4615 2738 4664 des
2767 4615 3279 4677 Mittelmeerqebiets
3304 4614 3387 4664 bia
3416 4629 3540 4664 zum

1077 4701 1232 4753 End·
1266 4703 1360 4752 dor
1396 4703 1714 4765 Kreuzzt’z'qe
1751 4705 1994 4753 611-632.
