4000 5700
1025 543 1136 597 302
1671 517 2115 596 REGESTUM
2153 541 2840 596 voLATERRANUM

1025 737 1237 801 tulum
1277 737 1458 799 Vult.
1504 738 1760 798 tertiam
1804 743 2053 815 partem
2111 736 2568 798 iurisdictionis
2624 739 2818 797 castri
2875 737 2999 799 sibi
3054 740 3484 815 pertinentem

1026 834 1218 896 cessit
1258 833 1537 905 comuni,
1580 838 1735 894 sunt
1777 832 1939 894 XVI
1980 835 2134 895 anni
2160 837 2228 893 et
2255 834 2420 911 plus;
2464 832 2725 894 Giottus
2756 833 3131 895 lambardus
3159 835 3317 895 item
3344 854 3485 895 sex·

1026 937 1164 993 tam
1207 935 1481 1009 partem3
1523 929 1815 991 homines
1854 936 2022 991 terre
2063 934 2293 1007 sponte
2333 949 2401 989 se
2441 929 2879 991 submiserunt
2920 931 3173 992 comuni
3232 937 3294 991 et
3340 951 3485 1010 pro-

1028 1030 1339 1089 miserunt
1380 1028 1537 1090 dare
1578 1025 1834 1089 comuni
1879 1026 2047 1089 med.
2093 1027 2474 1099 bannorum,
2520 1034 2822 1107 quartam
2881 1037 3131 1107 partem
3174 1030 3482 1109 capitulo,

1026 1131 1328 1206 quartam
1370 1123 1715 1188 comitibus
1755 1124 1838 1187 de
1877 1125 2350 1187 Montecuccari
2375 1127 2419 1203 ¹)
2466 1131 2755 1204 tempore
2810 1125 3160 1204 potestarie
3218 1125 3483 1187 Gerardi

1028 1225 1214 1287 Isacii
1257 1223 1338 1284 de
1378 1223 1542 1285 Pisis
1564 1223 1612 1301 ²)
1656 1231 1723 1285 et
1765 1224 2090 1285 iudicatus
2131 1222 2296 1284 Galli
2339 1223 2590 1303 Agnelli
2629 1224 2711 1285 de
2756 1224 2943 1297 Pisis;
2989 1242 3259 1284 comune
3300 1223 3480 1284 Vult.

1024 1322 1314 1384 homines
1356 1322 1437 1383 de
1477 1320 1720 1383 Ceddre
1762 1325 2101 1400 tamquam
2143 1322 2316 1381 cives
2342 1327 2410 1381 et
2436 1320 2872 1381 districtuales
2911 1322 3228 1382 tractavit
3266 1328 3334 1381 et
3373 1320 3480 1382 de-

1024 1419 1308 1482 fensavit
1347 1439 1388 1480 a
1427 1418 1697 1491 Kar-ule,
1740 1420 1875 1479 eius
1922 1419 2188 1487 vicariiS,
2232 1417 2654 1491 Florentinis;
2700 1419 2956 1480 novitas
3008 1418 3188 1480 facta
3230 1438 3339 1497 per
3379 1438 3482 1480 co·

1028 1537 1222 1579 mune
1267 1518 1439 1580 Vult.
1483 1516 1565 1578 de
1606 1516 1761 1576 villa
1786 1516 1867 1576 de
1895 1515 2140 1577 Oeddre
2182 1515 2363 1576 facta
2389 1522 2487 1576 est
2514 1522 2741 1577 contra
2781 1516 3227 1579 districtuales.
3273 1515 3481 1594 Roga-

1028 1618 1146 1687 vit,
1189 1614 1357 1695 quod
1402 1614 1655 1695 placeat
1695 1615 2009 1674 sustinere
2049 1618 2118 1674 et
2160 1614 2298 1691 pati
2338 1612 2518 1673 facta
2556 1632 2671 1690 per
2710 1631 2982 1674 comune
3023 1611 3200 1675 Vult.

1151 1714 1269 1774 Die
1298 1713 1545 1774 veneris
1575 1710 1843 1774 XVIIII
1872 1713 2006 1773 iun.
2052 1711 2323 1772 Anziani
2351 1711 2419 1772 in
2447 1712 2691 1789 palatio
2714 1711 2934 1789 populi
2955 1710 3246 1771 fecerunt
3268 1712 3483 1771 vocari

1019 1809 1449 1872 Gualfredum
1489 1816 1558 1871 et
1601 1810 1984 1871 Barzettum
2028 1814 2096 1869 et
2137 1808 2447 1887 'respondi
2502 1827 2615 1886 per
2671 1807 3103 1869 Andreottum
3160 1807 3480 1880 Saraceni,

1024 1908 1201 1988 quod
1241 1926 1512 1968 comune
1556 1907 1680 1968 Pis.
1725 1906 1991 1967 tenebat
2038 1906 2257 1967 villam
2315 1905 2395 1965 de
2435 1903 2681 1966 Ceddre
2735 1924 2853 1983 pro
2907 1906 3040 1965 suis
3081 1905 3482 1966 comitativis

1028 2013 1362 2086 tamquam
1411 2006 1698 2065 homines
1738 2003 1820 2064 de
1862 2003 2379 2065 Montecucchari
2410 2004 2539 2063 iam
2568 2022 2680 2083 per
2710 2003 2911 2063 XXX
2944 2021 3164 2064 annos.
3198 2001 3482 2082 Rogavit

1028 2104 1199 2184 quod
1245 2103 1490 2165 factum
1534 2109 1760 2163 contra
1803 2101 2094 2163 homines
2137 2099 2217 2160 de
2258 2100 2504 2162 Ceddre
2547 2099 3104 2161 retrotraheretur.
3137 2100 3482 2160 Barzettus

1027 2202 1424 2264 asseveravit
1465 2201 1661 2273 dicta,
1708 2200 2151 2279 protestando,
2196 2199 2373 2277 quod
2414 2218 2688 2261 comune
2717 2197 2892 2259 Vult.
2923 2204 3023 2259 est
3051 2204 3351 2277 paratum
3381 2199 3482 2259 ius

1025 2300 1291 2362 reddere
1332 2298 1453 2360 sub
1494 2298 1703 2359 iudice
1746 2298 2160 2377 competent-i.
2230 2297 2375 2358 Act.
2441 2296 2614 2358 Pisis,
2699 2296 3061 2357 Andreotto
3102 2303 3170 2356 et
3221 2296 3481 2357 Guinic·

1026 2396 1184 2459 zello
1227 2396 1556 2458 militibus.
1602 2395 1865 2458 Noccho
1905 2401 2041 2457 not.
2085 2396 2504 2456 anzianorum
2538 2395 2660 2455 Pis.
2692 2399 2772 2455 tt.
2854 2394 3176 2456 Iohannes
3205 2400 3336 2455 not.
3369 2394 3480 2472 qd.

1022 2496 1334 2559 Iohannis
1374 2500 1509 2556 not.

1342 2593 1607 2655 Florem
1648 2592 1799 2654 Ast.
1847 2592 2040 2667 (νοιι.
2084 2612 2145 2653 n.
2190 2590 2377 2669 1111)
2419 2591 2590 2668 Oriq.

1025 2779 1166 2843 897.
2022 2778 2158 2839 San
2200 2778 2278 2836 M
2281 2777 2503 2838 emate
2520 2777 2585 2837 al
2626 2776 2908 2851 Tedeew,
2951 2776 2988 2836 1
3018 2775 3272 2837 Oktober
3297 2775 3480 2836 1282.

1148 2879 1558 2958 Privilegium
1605 2877 1947 2938 Rudolfi
1994 2879 2145 2954 imp.
2191 2874 2334 2936 aule
2376 2882 2446 2936 et
2477 2875 2788 2954 R(udolfi)
2834 2875 3023 2935 Rom.
3068 2875 3232 2952 regis
3260 2875 3325 2933 in
3353 2873 3479 2934 Tu·

1025 2979 1158 3039 scia
1199 2977 1422 3038 vicarii
1465 2977 1773 3054 generalis
1816 2996 1932 3055 pro
1974 2974 2373 3037 Rainerio
2415 2994 2514 3053 op.
2564 2974 2736 3035 Vult.

1350 3075 1506 3136 Volt.
1551 3073 1788 3136 AVo-sc.
1838 3093 1887 3133 8.
1933 3072 2123 3132 XIII
2172 3072 2292 3132 dec.
2346 3070 2386 3132 9
2432 3093 2487 3131 π.
2540 3069 2620 3132 15
2673 3070 2842 3148 Oriq.
2891 3069 3124 3147 (Sieyel
3160 3069 3479 3145 ver-lorea).

1344 3173 1526 3233 Liber
1579 3172 1818 3232 iun'um
1874 3172 1911 3231 1
1954 3171 2052 3231 cit.
2155 3168 2311 3230 Edd.
2370 3168 2592 3230 Giaoki
2619 3171 2632 3201 ¹
2680 3167 2938 3230 117=⁸
2968 3167 3107 3228 575.
3166 3167 3301 3228 Mo
3353 3168 3478 3229 LL.

1344 3270 1527 3331 sectio
1570 3270 1664 3331 IV
1712 3268 2196 3330 Constitutione&
2236 3266 2358 3328 III
2399 3266 2521 3327 570
2560 3286 2623 3327 π.
2667 3265 2788 3327 609
2809 3267 2880 3343 ⁸).

1030 3466 1166 3526 898.
2559 3461 2859 3534 Volierra,
2906 3461 2943 3521 7
2983 3459 3259 3521 Febr-nar
3298 3459 3479 3521 1283.

1149 3562 1594 3623 Rainerius
1635 3562 1811 3623 Vult.
1854 3581 1956 3641 ep.
2000 3563 2251 3622 cunctis
2293 3560 2532 3623 Christi
2575 3559 2868 3620 fidelibus
2896 3558 3137 3619 clericis
3165 3564 3234 3619 et
3262 3558 3479 3637 laycis

1023 3662 1428 3740 Iniungimus
1473 3661 1671 3732 vobis,
1714 3667 2038 3739 quatenus
2080 3658 2406 3720 abbatisse
2446 3664 2514 3720 et
2541 3659 2865 3720 sororibus
2890 3677 2935 3719 s.
2962 3657 3143 3720 Clare
3170 3657 3250 3717 dc
3277 3655 3479 3718 Vult..

1029 3779 1152 3839 que
1194 3778 1356 3838 opus
1398 3758 1654 3820 ecclesie
1693 3758 2092 3836 inceperunt,
2136 3756 2422 3818 subsidia
2464 3757 2757 3835 erogetiS,
2815 3761 2882 3826 et
2924 3754 3479 3816 contribuentibus

1030 3877 1288 3937 operam
1332 3857 1699 3920 manualem
1742 3876 1851 3918 seu
1916 3856 2163 3935 lapides
2205 3855 2306 3916 vel
2360 3855 2683 3935 lignamen
2728 3854 2847 3915 XL
2902 3854 3056 3924 dies,
3112 3855 3225 3932 qui
3265 3872 3343 3914 eo
3395 3852 3481 3914 ad

1029 3955 1530 4034 predicationem
1573 3955 1981 4028 conveniant,
2028 3954 2163 4014 XX
2218 3954 2374 4024 dies,
2433 3954 2543 4033 qui
2600 3959 2889 4030 tempore
2942 3950 3480 4030 quadragesimali

1025 4072 1143 4132 per
1182 4052 1486 4115 diocesim
1542 4052 1917 4114 elemosinas
1971 4052 2399 4133 erogaverint,
2457 4052 2615 4112 alios
2672 4050 2806 4110 XX
2861 4050 2997 4112 dies
3054 4048 3134 4108 de
3192 4050 3481 4110 iniuncta

1028 4151 1387 4230 penitentia
1427 4151 1808 4212 relaxamus.
1894 4149 2047 4211 Dat.
2092 4149 2265 4210 Vult.
2311 4147 2830 4222 MOCLXXXII,
2874 4148 3005 4210 ind.
3052 4148 3175 4220 XI,
3219 4147 3349 4208 VII
3389 4147 3475 4209 id.

1024 4247 1516 4408 femmmm-Veli.
1561 4346 1876 4408 AMunic.
1924 4344 2132 4423 (Prov.
2174 4344 2295 4406 div.
2326 4363 2481 4406 cass.
2515 4344 2555 4404 I
2563 4345 2643 4422 V)
2686 4343 2856 4421 Oriy.
2890 4342 3122 4421 (Sieoel
3158 4343 3476 4419 ven-lorem-

1176 4564 1215 4626 ¹)
1255 4562 1628 4622 aher-ardesco,
1665 4571 1834 4614 umen
1871 4578 1924 4612 n.
1954 4563 2085 4620 907,·
2113 4563 2255 4612 siche
2280 4561 2421 4612 auch
2445 4560 2646 4612 Oecina
2677 4562 2777 4611 108
2806 4559 3162 4622 Anmerktmq
3191 4560 3239 4610 2.
3316 4559 3361 4626 ⁵)
3388 4560 3478 4609 Im

1025 4653 1197 4704 Jahn
1235 4654 1389 4703 1267.
1536 4651 1580 4719 ⁸)
1620 4653 1808 4703 Dicea-
1844 4652 2029 4702 Druck
2066 4652 2217 4713 silhrt
2255 4665 2363 4701 nur
2398 4651 2486 4702 die
2521 4658 2656 4700 erate
2694 4649 2947 4713 Aueqabc
2998 4663 3102 4698 von
3153 4648 3349 4698 Giachi
3395 4648 3481 4699 ale

1028 4744 1180 4795 ‘iam
1214 4742 1427 4806 pridem
1449 4740 1462 4761 ²
1502 4741 1805 4792 ereohiemn
1839 4756 1933 4800 an,
1972 4742 2172 4791 obwohl
2206 4741 2293 4791 die
2329 4741 2501 4790 zweite
2537 4756 2642 4790 auo
2690 4740 2811 4790 dem
2847 4738 3019 4789 Jahn
3059 4739 3198 4788 1887
3235 4744 3475 4787 etam.
