4000 5700
1061 550 1510 606 REGESTUM
1545 551 1865 606 VOLATE
1879 551 2232 607 RRANUM
2770 552 2877 607 339

387 744 731 826 delegato.
775 748 1126 804 executore·
1145 745 1238 821 ¹).-
1293 743 1436 804 Act.
1482 743 1655 804 Vult.
1698 744 1766 804 in
1793 743 2039 823 palatio
2067 743 2372 804 comunis.
2454 743 2876 825 Forteguerra

420 842 627 904 iudice
665 849 734 903 et
776 860 1089 903 assessore
1132 843 1438 904 comunis.
1486 841 1891 903 Bencivenne
1927 842 2141 903 iudice
2179 840 2875 921 potestatisxTalomeo

417 937 898 1002 Riochomanni.
924 908 1250 1017 stiparello
1278 958 1384 1000 ser
1411 938 1826 1001 Beninchase.
1857 937 2042 1000 Iusto
2069 938 2316 1001 Cecchii
2338 945 2418 1001 tt.
2500 938 2876 1002 Franciscus

417 1034 784 1097 Rusticbiui
823 1036 906 1097 de
944 1035 1121 1097 Vult.
1163 1042 1335 1097 auct.
1377 1037 1529 1115 imp.
1574 1035 1767 1097 iudex
1810 1034 1941 1096 ord.
1988 1041 2057 1096 et
2097 1041 2232 1097 not.

738 1133 1001 1194 Florem
1044 1132 1208 1194 Ast:
1242 1132 1432 1208 (Volt.
1478 1132 1642 1194 1299
1681 1133 1723 1193 Ι
1763 1134 1819 1201 4,
1861 1154 1926 1193 π.
1971 1133 2157 1212 1426)
2200 1134 2370 1211 Oriq.

415 1294 556 1357 993.
1211 1356 1216 1361 ,
1433 1333 1437 1337 «
1471 1354 1476 1361 ,
1843 1294 2212 1372 Beriqnone,
2255 1297 2336 1357 24
2377 1296 2656 1356 Febmar
2695 1297 2873 1359 1300.

538 1389 959 1457 Baldinoctus
1000 1393 1106 1471 qd.
1156 1391 1485 1461 Guittonis
1524 1392 1607 1455 de
1666 1391 1904 1453 Sancto
1959 1391 2293 1455 Dalmatio
2346 1395 2414 1454 in
2465 1414 2628 1473 pres.
2672 1395 2873 1474 Ray-

416 1490 630 1549 nerii
657 1509 754 1570 ep.
785 1489 960 1551 Vult.
995 1488 1322 1551 confessus
1341 1488 1468 1550 fuit
1488 1509 1555 1550 se
1575 1491 1635 1551 ei
1654 1491 1913 1551 nomine
1940 1488 2291 1570 albergarie
2312 1491 2543 1553 debere
2570 1498 2875 1572 quartam

418 1591 668 1664 partem
715 1586 901 1648 unius
942 1587 1124 1648 starii
1161 1588 1366 1668 grani,
1415 1589 1606 1648 unius
1659 1587 1841 1648 starii
1893 1586 2091 1659 ordei,
2150 1588 2338 1649 unius
2391 1590 2571 1650 starii
2626 1590 2761 1650 vini
2806 1595 2876 1652 et

415 1684 607 1745 unius
646 1682 806 1762 pulli
847 1685 1187 1745 annuatim
1230 1685 1297 1746 in
1343 1683 1485 1746 fest.
1529 1704 1576 1745 s.
1621 1684 1823 1746 Μαι-ΞΘ
1850 1682 1932 1746 de
1971 1703 2116 1764 aug.
2203 1684 2326 1747 Act
2388 1687 2456 1746 in
2496 1685 2872 1767 Berignone.

417 1777 745 1859 Raynerio
783 1778 1073 1860 plebano
1115 1780 1319 1860 plebis
1357 1781 1440 1842 de
1479 1781 1835 1843 Sorsciano.
1880 1781 2146 1844 Cambio
2187 1781 2461 1859 plebano
2507 1782 2589 1845 de
2635 1782 2872 1846 Silano.

383 1876 530 1939 ,Ser
571 1877 850 1957 Ugolino
894 1883 1141 1940 rectore
1176 1878 1322 1939 eccl.
1359 1877 1441 1939 de
1475 1878 1836 1956 Berignone
1873 1884 1953 1940 tt.
2042 1878 2703 1951 MOCXXXXVIIII,
2736 1881 2871 1943 ind.

420 1974 614 2045 XIII,
647 1975 929 2037 XXIIII
967 1975 1094 2038 feb.
1181 1975 1451 2038 Michael
1491 1976 1596 2055 qd.
1626 1977 1872 2057 Muggii
1896 1976 2256 2058 Paganighi
2279 1978 2360 2039 de
2394 1977 2635 2041 Sancto
2663 1978 2874 2041 Gemi·

415 2074 609 2136 niano
652 2075 844 2137 iudex
887 2075 1021 2137 ord.
1065 2095 1145 2136 ex
1186 2074 1662 2137 imbreviaturis
1705 2074 1928 2137 Iacobi
1966 2075 2076 2154 qd.
2108 2075 2352 2137 Posche
2376 2077 2459 2138 de
2485 2076 2726 2140 Sancto
2753 2076 2873 2139 Ge·

417 2172 704 2235 miniano
743 2178 879 2233 not.

747 2271 904 2331 Volt.
951 2270 1190 2332 AVa-sc.
1234 2290 1282 2332 ε.
1326 2269 1515 2330 XIII
1555 2269 1676 2332 deo.
1721 2269 1802 2329 10
1840 2290 1901 2331 π.
1946 2271 2029 2331 40
2067 2270 2238 2348 Oria.

415 2430 551 2489 994.
1629 2432 1764 2491 San
1808 2430 2207 2508 Gimiqmm,
2251 2432 2293 2494 2
2331 2432 2654 2495 Dezember
2695 2435 2874 2496 1300.

535 2524 773 2599 ΜΟΟΟ,
819 2527 948 2587 ind.
996 2525 1226 2597 XIIII,
1271 2526 1339 2588 II
1384 2527 1517 2589 dec.
1607 2526 2076 2607 Raynerius
2116 2526 2213 2609 ep.
2258 2529 2431 2592 Vult.
2476 2528 2874 2607 Bemardino

413 2624 593 2685 dicto
636 2620 970 2703 Preposito
1011 2624 1056 2684 f.
1103 2625 1213 2703 qd.
1259 2625 1566 2704 Raynerii
1604 2626 1687 2687 de
1713 2622 2186 2688 castillionede
2211 2625 2407 2690 domo
2436 2619 2874 2692 Pannochien·

417 2723 583 2781 sium
627 2723 866 2783 vicario
906 2741 1023 2782 suo
1067 2723 1251 2783 dedit
1290 2742 1408 2802 pro
1449 2725 1971 2804 compensatione
2012 2725 2098 2785 ad
2140 2725 2197 2786 V
2223 2745 2426 2788 annos
2454 2717 2745 2788 redditus
2771 2747 2872 2790 ca-

418 2821 535 2879 stri
573 2819 656 2880 de
695 2814 1064 2883 Vechienna
1104 2820 1187 2882 de
1227 2820 1398 2882 curie
1439 2819 1519 2882 de
1562 2820 1796 2884 Cornia
1835 2822 2108 2902 excepto
2147 2823 2333 2886 fodro
2380 2822 2461 2887 de
2508 2823 2876 2888 Vechienna

414 2923 485 2979 et
522 2917 885 2979 redditibus
923 2919 1006 2980 de
1047 2918 1434 2998 Lusignano.
1521 2920 1662 2980 Act.
1705 2921 1770 2980 iu
1814 2919 2055 2983 Sancto
2097 2921 2478 2985 Geminiano
2522 2926 2591 2986 in
2631 2921 2875 3003 palatio

418 3016 620 3095 plebis
661 3018 872 3078 castri.
964 3018 1079 3080 Ser
1105 3017 1339 3080 Grasso
1380 3024 1624 3080 rectore
1651 3017 1799 3079 eccl.
1829 3038 1876 3080 s.
1907 3017 2235 3082 Michaelis
2261 3020 2345 3083 de
2371 3020 2713 3083 Barbialla.
2744 3022 2875 3085 An·

413 3112 571 3173 drea
611 3112 837 3173 clerico
877 3112 1031 3175 olim
1071 3113 1424 3176 Benincase
1464 3107 1544 3176 de
1586 3113 1819 3176 Leona.
1865 3109 2095 3178 Ciardo
2121 3114 2273 3179 olim
2303 3116 2535 3179 Muzzii
2562 3118 2642 3180 de
2669 3117 2729 3179 S.
2754 3118 2873 3181 Ge-

417 3209 702 3270 miniano
741 3209 818 3271 tt.
911 3209 1189 3273 Iacobus
1227 3211 1471 3274 Poscbe
1510 3212 1592 3273 de
1634 3211 1871 3274 Sancto
1912 3211 2293 3275 Geminiano
2334 3222 2469 3275 not.

746 3289 898 3369 Vale.
945 3309 1182 3372 AVao.
1225 3330 1273 3370 ⁸.
1319 3309 1508 3371 xm
1548 3310 1668 3372 «ιω.
1713 3310 1794 3371 10
1834 3332 1892 3371 η.
1939 3301 2243 3412 φετοήρ.ι
2305 3299 2313 3318 “

416 3476 553 3539 905.
2120 3481 2299 3555 Rom,
2343 3483 2424 3543 17
2466 3483 2655 3562 April
2693 3483 2871 3546 1301.

539 3576 1025 3639 Bonifatius
1074 3575 1278 3637 VIII
1315 3577 1591 3657 plebano
1646 3579 1727 3640 de
1782 3579 2055 3641 Chianni
2094 3581 2284 3660 ‘Vult
2327 3582 2490 3643 dioc.
2594 3582 2876 3645 Nuntiat

420 3673 592 3754 quod
634 3673 715 3734 R.
762 3673 969 3736 abbas
1006 3681 1077 3736 et
1101 3682 1458 3737 conventus
1483 3696 1531 3738 s.
1563 3677 1761 3739 Marie
1788 3677 1870 3739 de
1897 3678 2198 3740 Morrona
2225 3679 2356 3741 ord.
2388 3677 2672 3743 Camald.
2696 3681 2873 3744 Vult.

416 3771 579 3833 dioc.
600 3779 667 3832 et
690 3772 1161 3851 predecessores
1187 3773 1485 3848 decimas,
1516 3781 1736 3849 terras,
1768 3775 1940 3837 bona
1965 3775 2206 3837 clericis
2233 3786 2301 3838 et
2328 3778 2505 3839 laicis
2531 3779 2616 3840 ad
2645 3780 2872 3852 vitam,

418 3868 503 3930 ad
543 3875 822 3949 tempus,
879 3876 1192 3950 perpetuo
1248 3879 1710 3934 concesserunt.
1769 3873 2060 3947 Mandat,
2119 3876 2424 3952 quatinus
2466 3897 2542 3938 ea
2594 3881 2871 3939 revocet.

417 3986 445 4026 ο
466 3966 568 4027 Ad
599 3967 1006 4029 audientiam
1029 3988 1074 4028 ὴ.
1163 3968 1317 4031 Dat.
1360 3968 1664 4032 Laterani
1707 3969 1832 4032 XV
1870 3970 1996 4031 kal.
2042 3972 2190 4041 mai,
2234 3977 2412 4052 pont.
2454 3972 2604 4035 VH.

741 4063 906 4125 Volt.
953 4065 1190 4128 AVeao.
1233 4083 1281 4125 8.
1325 4064 1514 4125 XIII
1533 4065 1673 4126 *dea
1719 4066 1800 4126 10
1841 4086 1902 4126 n.
1948 4066 2031 4127 43
2084 4067 2254 4145 Oriq.
2322 4068 2528 4145 (Bulla
2581 4070 2871 4134 verloren.

740 4161 876 4240 Λα]
916 4161 1023 4222 der
1062 4161 1391 4223 Bii-ckseite
1432 4162 1735 4225 Cambius
1797 4165 2120 4243 impetrat.
2180 4164 2589 4229 Guillielmus.
2648 4175 2874 4230 contra

739 4260 859 4320 fiat
883 4260 1124 4319 cautio·
1155 4278 1235 4320 ex
1277 4259 1485 4344 officio
1525 4261 1733 4323 eidem
1761 4260 2176 4340 G(uillielmo)
2220 4266 2618 4342 procuratori
2656 4264 2874 4328 fratris

744 4357 947 4418 Davit
968 4358 1192 4436 prioris
1212 4357 1516 4428 Camald„
1539 4359 1713 4438 quod
1734 4365 1997 4439 propter
2016 4361 2604 4425 denominationem
2630 4364 2875 4426 nullum

743 4454 1158 4534 preiudicium
1200 4462 1556 4536 generetur,
1601 4459 1756 4536 quia
1794 4459 2063 4520 nomina
2113 4478 2179 4519 se
2234 4458 2455 4533 abbas,
2500 4463 2691 4540 quod
2742 4480 2872 4524 non

743 4552 1010 4615 absente
1052 4559 1118 4613 et
1162 4553 1337 4631 quod
1377 4572 1490 4633 per
1530 4555 1786 4617 easdem
1829 4555 2077 4617 litteras
2117 4576 2248 4618 non
2287 4558 2748 4636 conveniatur).

564 4759 2327 4826 ¹)PolaondioNommm57Bauhermunddendels.
