4000 5700
993 548 1439 605 REGESTUM
1477 550 2172 607 VOLATERRANUM
2705 552 2808 607 341

343 746 485 806 999
2095 746 2273 819 Rom,
2320 750 2356 807 7
2399 747 2586 809 Mdrz
2628 748 2807 810 1303.

470 852 945 913 Bonifatius
987 851 1188 913 VIII
1229 873 1280 914 s.
1324 851 1488 913 Iusti
1535 852 1705 914 Vult.
1737 861 1805 915 et
1832 851 1915 914 de
1943 852 2312 915 Cultubono
2354 853 2705 915 abbatibus
2733 873 2808 916 ao

342 949 703 1030 guardiano
744 948 879 1011 ord.
922 949 1074 1011 Min.
1118 948 1201 1012 de
1241 949 1431 1018 Colle.
1477 948 1682 1010 Fesul.
1728 955 1795 1010 et
1835 949 2012 1010 Vult.
2056 948 2218 1012 dioe.
2318 951 2479 1023 Cum
2525 951 2805 1031 (Rs-ayne·

345 1048 501 1123 rius)
545 1066 644 1126 ep.
687 1046 863 1108 Vult.
906 1052 1299 1127 conquestus
1339 1049 1446 1120 sit,
1489 1045 1667 1127 quod
1709 1046 1971 1108 Alexius
2028 1047 2326 1121 Rolandi‚
2380 1048 2811 1111 christoforus

341 1145 574 1226 Tophi,
616 1145 836 1207 Scotia
875 1146 1087 1207 Alexii
1124 1146 1207 1208 de
1248 1146 1570 1208 Tolomeis
1609 1147 1783 1207 cives
1826 1144 2135 1208 Senenses
2178 1153 2461 1209 oestrum
2512 1149 2810 1210 Monterii

349 1243 704 1313 detineant,
748 1243 899 1304 licet
940 1243 1111 1303 ultra
1171 1251 1408 1305 sortem
1471 1244 1891 1323 perceperint,
1936 1241 2228 1318 mandat,
2271 1245 2582 1324 quatinus
2634 1244 2812 1324 apud

347 1339 586 1401 Collem
616 1341 971 1420 procedant
996 1350 1065 1402 et
1091 1340 1462 1402 detentores
1489 1340 1574 1402 ad
1596 1341 2072 1401 restitutionem
2102 1341 2442 1422 pignorum
2464 1349 2553 1405 et.
2577 1340 2811 1421 siquid

342 1444 447 1499 est
471 1438 638 1499 ultra
660 1446 916 1511 sortem,
947 1437 1339 1518 compellant
1369 1458 1481 1518 per
1503 1440 1826 1518 ponamin
1847 1439 2265 1501 Lateranensi
2292 1439 2561 1501 concilio
2582 1447 2810 1502 contra

349 1538 671 1598 usurarios
699 1539 744 1614 ¹)
786 1537 1049 1609 editam,
1093 1556 1221 1598 non
1264 1537 1568 1598 obstante
1609 1536 2011 1617 indulgentia
2053 1536 2408 1617 guar-diano
2449 1558 2490 1599 a
2530 1537 2679 1600 sede
2716 1539 2809 1599 in-

350 1632 556 1705 dulta,
600 1634 774 1713 quod
817 1634 1049 1696 fratres
1091 1634 1239 1697 Min.
1284 1653 1352 1695 se
1393 1653 1522 1695 non
1565 1634 2011 1696 intromittant
2055 1634 2133 1694 de
2165 1634 2675 1715 quibuscumque
2702 1654 2810 1697 ne-

344 1733 559 1811 gotiis,
643 1732 1093 1811 «Conquestus
1134 1740 1234 1793 est
1255 1752 1296 1791 ».
1387 1732 1537 1792 Dat.
1584 1731 1886 1792 Laterani
1916 1733 2104 1792 nonis
2133 1740 2342 1803 mart„
2374 1742 2553 1812 pont.
2587 1732 2809 1795 VIIII.

685 1831 838 1892 Volt.
885 1830 1124 1892 AVeoo.
1154 1850 1201 1891 ⁸.
1235 1830 1402 1892 XIV
1434 1830 1560 1890 dec.
1593 1829 1629 1889 1
1658 1849 1718 1890 n.
1752 1829 1832 1890 19
1857 1830 2029 1907 Oria.
2063 1830 2275 1906 (Bulla
2302 1831 2619 1908 ver-loten).
2691 1831 2794 1892 Ed

639 1926 1210 1990 'Giaoh61183=
1246 1929 1268 1961 ³
1310 1929 1447 1989 500.

353 2125 534 2185 1000.
2126 2116 2133 2123 ’
2207 2124 2406 2199 (Rom,
2452 2146 2562 2187 um
2605 2126 2809 2199 1303).

476 2223 888 2284 Romanus
929 2222 1262 2301 quidam
1303 2222 1690 2301 pontifex
1715 2223 1764 2299 ³)
1793 2223 2168 2303 petitionem
2202 2222 2427 2304 Sigeiii
2455 2222 2536 2285 de
2564 2224 2812 2287 Casulis

351 2321 688 2401 utriusque
742 2321 1103 2399 iurisperiti
1151 2327 1225 2381 ut
1276 2325 1685 2382 contractum
1724 2319 1971 2382 factum
2029 2319 2110 2382 de
2168 2320 2350 2382 bonis
2402 2324 2467 2382 in
2524 2319 2678 2382 villa
2730 2321 2813 2383 de

354 2418 652 2478 Pam-ano
693 2420 862 2479 inter
904 2422 1300 2483 Ormannum
1347 2424 1623 2498 (patrem
1650 2418 1897 2500 Sigerii)
1929 2426 1996 2480 et
2026 2419 2474 2497 (Raynerium)
2503 2439 2601 2498 ep.
2633 2418 2810 2480 Vult.

346 2524 422 2577 et
462 2517 834 2578 canonicam
879 2515 959 2577 de
1003 2515 1299 2578 Paurano
1333 2522 1550 2577 ratum
1579 2517 1836 2590 habeat,
1867 2518 2114 2579 annuit.
2149 2517 2661 2579 Instrumentum
2688 2537 2811 2597 ep„

349 2617 537 2677 ouius
579 2633 833 2687 nomen,
876 2634 1103 2687 annus,
1148 2615 1284 2676 dies
1337 2621 1405 2676 et
1457 2615 1663 2676 multa
1718 2614 1848 2676 alia
1895 2615 2243 2677 devastata
2298 2620 2470 2684 sunt,
2524 2616 2816 2676 eontinet

355 2710 741 2773 locationem
784 2711 1096 2773 bonorum
1139 2713 1206 2773 in
1268 2711 1575 2785 Brooeoli,
1640 2711 1981 2787 Boeellina,
2037 2712 2244 2774 Boseo
2300 2711 2688 2784 Bandinelli,
2729 2713 2816 2774 ad

353 2807 737 2884 Ortieinum‚
782 2808 866 2871 ad
912 2809 1279 2873 Pauranum
1321 2818 1527 2881 vetus,
1573 2812 1639 2871 in
1679 2809 1873 2891 plano
1915 2810 1995 2873 de
2039 2810 2270 2884 Senna,
2303 2812 2370 2873 in
2412 2815 2583 2873 terra
2625 2809 2812 2886 Sode,

350 2907 527 2970 alibi.

683 3006 837 3072 Volt.
864 3005 1173 3068 AMum'c.
1200 3006 1401 3078 (Prov.
1426 3007 1547 3069 div.
1577 3026 1728 3068 cass.
1761 3007 1823 3080 I)
1854 3006 2079 3083 (myst)
2113 3006 2306 3082 (mehr
2331 3006 2428 3067 als
2457 3007 2557 3066 ein
2586 3006 2817 3068 Driuel

680 3104 1194 3181 weqqesoknitten,
1239 3105 1418 3165 Buue
1465 3105 1776 3181 verloren).

505 3348 546 3412 ι)
588 3348 828 3397 Gemeint
863 3349 963 3398 das
999 3349 1103 3397 III
1145 3348 1556 3398 Laterankonzt'l
1592 3363 1694 3397 von
1731 3349 1888 3405 1179,
1917 3347 2049 3397 iiber
2070 3348 2264 3398 duem
2286 3349 2494 3398 Kanon
2517 3362 2689 3412 qeqen
2711 3348 2819 3398 dm

363 3432 587 3485 Wueker
621 3436 722 3496 aus
759 3436 932 3486 meino
969 3436 1376 3500 Bomos-leimam
1407 3437 1502 3485 in:
1529 3437 1648 3485 Das
1674 3435 1962 3486 kirohlo'ehe
1999 3436 2314 3486 Zimerbot
2352 3437 2469 3487 und
2490 3437 2580 3487 die
2603 3436 2820 3488 kur-'da

357 3524 560 3574 meis
599 3526 675 3575 im
725 3526 887 3575 XIII
937 3524 1310 3576 Jahrhundm
1360 3525 1696 3586 (Festschrift
1743 3525 1841 3586 lar
1889 3524 2068 3575 Fabulae
2118 3527 2220 3576 143
2269 3526 2336 3590 Ι.)
2385 3526 2669 3577 mnodum
2718 3526 2817 3578 εοί.

355 3610 405 3678 ')
453 3613 604 3662 Wou
637 3614 810 3664 eie-her
846 3614 1168 3664 Bonifatius
1205 3613 1368 3673 VIII,
1406 3614 1548 3663 siche
1585 3628 1638 3662 n.
1678 3615 1798 3663 998.
1969 3613 2017 3678 ⁸)
2042 3614 2266 3664 Klein&
2315 3615 2553 3664 Mandat
2602 3615 2821 3679 (littera

353 3717 486 3753 oum
523 3703 616 3752 filo
654 3702 965 3766 cannabis).
