4000 5700
1166 517 1239 568 84
1812 515 2254 569 REGESTUM
2297 515 2983 572 VOLATERRANLM

1248 609 3154 619 *Q———ffl

1166 711 1305 771 243.
2500 711 2825 784 (volterra,
2869 711 2911 772 8
2949 713 3220 790 Septem
3233 734 3295 772 er
3334 715 3518 792 1197)
3556 720 3616 791 ¹.)

1285 807 1830 884 Pand(ulfus)
1873 808 2014 869 XII
2058 814 2268 887 apost.
2310 807 2521 887 presb.
2563 809 2760 883 card„
2804 830 2910 888 ap.
2953 810 3119 872 sedis
3163 811 3429 891 legatae,
3465 816 3620 892 quia

1165 925 1215 965 s.
1262 906 1439 983 virgo
1481 905 1685 965 Maria
1727 906 2064 984 magnifice
2104 905 2337 966 colitur
2377 905 2549 985 apud
2593 905 2946 976 Vulterras,
2989 909 3054 967 in
3095 907 3198 967 die
3253 911 3619 970 nativitatis

1163 1003 1448 1064 eiusdem
1490 1003 1576 1064 ad
1614 1003 1944 1063 ecclesiam
1986 1002 2166 1064 Vult.
2214 1002 2621 1065 venientibus
2660 1005 2726 1064 in
2768 1003 2874 1065 die
2913 1003 3095 1065 dicta
3146 1012 3214 1066 et
3251 1015 3490 1067 extunc
3531 1009 3617 1070 ad

1164 1107 1312 1162 octo
1352 1101 1488 1161 dies
1528 1099 1661 1160 XX
1703 1100 1839 1161 dies
1877 1099 1959 1161 de
1999 1101 2361 1178 penitentia
2401 1102 2785 1163 relaxamus.

1492 1197 1644 1260 Volt.
1671 1197 1888 1276 Aooep.
1912 1219 1973 1258 n.
2005 1199 2130 1260 220
2147 1198 2317 1275 Oriq.
2354 1200 2585 1276 (Sieqel
2610 1198 3000 1278 beaehc‘idiqt).
3079 1201 3280 1279 Ver-ql.
3305 1203 3489 1264 Cinci
3515 1202 3616 1263 85.

1164 1395 1303 1456 244.
2685 1394 2983 1457 Laius-ico.
3027 1396 3108 1456 27
3151 1395 3398 1473 Anqust
3437 1397 3614 1457 1198.

1280 1487 1657 1551 Gualandus
1696 1490 1778 1550 de
1823 1491 2106 1551 Buriano
2147 1491 2253 1567 qd.
2299 1490 2755 1564 Mnamschusi,
2801 1490 3145 1552 Benericus
3197 1493 3302 1572 qd.
3348 1490 3618 1571 Malpilii

1160 1585 1386 1648 arbitri
1426 1586 1614 1648 electi
1642 1586 1725 1647 ab
1755 1586 2014 1648 Ubaldo
2054 1586 2112 1647 b.
2159 1608 2239 1648 m.
2286 1589 2564 1665 archiep.
2609 1588 2847 1649 Pisano
2887 1595 2956 1649 et
2995 1589 3337 1651 Pinocchio
3376 1597 3444 1651 et
3478 1589 3613 1650 Ste-

1159 1684 1313 1746 fano
1356 1684 1840 1746 consulibus
1881 1685 2099 1746 Vult.
2143 1704 2260 1763 pro
2302 1704 2370 1745 se
2409 1692 2477 1746 et
2517 1687 2706 1746 sociis
2744 1705 2969 1764 pacem
3001 1689 3168 1747 inter
3194 1686 3612 1748 Lambertum

1160 1783 1265 1861 qd.
1311 1781 1639 1843 Lamberti
1682 1783 1938 1843 maioris
1977 1783 2061 1844 de
2100 1782 2531 1843 Montevaseri
2571 1784 2654 1843 de
2695 1784 2752 1843 le
2778 1783 2961 1857 Mele,
2991 1784 3074 1847 de
3114 1783 3491 1863 Ripalbella,
3531 1785 3614 1846 de

1157 1880 1377 1942 Strido
1415 1899 1533 1961 pro
1573 1887 1761 1959 parte
1800 1878 2079 1959 archiep.
2124 1887 2195 1942 et
2233 1901 2353 1959 pro
2395 1900 2667 1942 comune
2707 1884 3184 1960 componimus:
3227 1882 3613 1943 Lambertus

1159 1997 1276 2057 pro
1316 2000 1384 2040 se
1422 1986 1489 2040 et
1516 1977 1885 2041 hominibus
1913 1980 1994 2040 de
2022 1978 2213 2040 dictis
2240 1979 2394 2041 locis
2421 1999 2647 2057 pacem
2676 1985 2901 2041 teneat
2923 1979 3290 2042 hominibus
3316 1980 3396 2041 de
3431 1982 3611 2042 Vult.

1158 2079 1243 2138 ad
1284 2078 1349 2138 X
1392 2097 1630 2150 annos3
1673 2079 1831 2138 item
1870 2078 2162 2138 consules
2202 2096 2322 2154 pro
2351 2097 2418 2137 se
2443 2083 2512 2137 et
2556 2077 2924 2139 hominibus
2963 2079 3044 2139 de
3072 2078 3245 2139 Vult.
3291 2087 3358 2139 et
3399 2081 3609 2141 iun-nt

1155 2177 1245 2237 sic
1288 2177 1545 2236 mittere
1585 2176 1652 2235 in
1692 2176 2066 2236 constituto.
2097 2174 2166 2235 Si
2194 2173 2581 2236 Lambertus
2609 2176 2922 2236 dimiserit
2950 2176 3049 2236 vel
3096 2176 3381 2238 amiserit
3407 2177 3610 2237 domi-

1156 2281 1384 2335 natum
1428 2273 1732 2346 locorum,
1775 2274 1997 2334 dicant
2037 2271 2534 2350 archiepiscopO,
2570 2281 2645 2333 ut
2673 2272 2873 2333 faciat
2901 2273 3108 2335 iul-are
3137 2293 3361 2352 pacem
3390 2275 3465 2338 ei,
3498 2276 3612 2351 qui

1156 2392 1274 2451 pro
1298 2392 1376 2434 eo
1404 2375 1633 2435 missus
1659 2373 1870 2434 fuerit.
1934 2374 2077 2433 Act.
2111 2371 2417 2433 Laiatico.
2474 2371 2799 2433 Cui-adino
2825 2374 2930 2450 qd.
2958 2373 3249 2434 Curradi.
3279 2373 3608 2435 Ildebran-

1154 2471 1307 2532 dinc
1336 2470 1440 2550 qd.
1474 2471 1874 2532 Rainuccini.
1898 2470 2255 2532 Gerardino
2288 2470 2394 2549 qd.
2419 2469 2742 2531 Gualandi
2778 2477 2854 2531 tt.
2939 2469 3608 2543 MCLXXXXVIIII,

1154 2568 1282 2629 ind.
1325 2568 1382 2641 Ι,
1427 2567 1518 2629 VI
1560 2568 1685 2629 kal.
1730 2574 1890 2646 sept.
1975 2567 2360 2645 Negotiator
2401 2568 2624 2647 Enrigi
2665 2568 2817 2645 imp.
2862 2568 3056 2628 iudex
3096 2575 3164 2628 et
3203 2574 3337 2628 not.

1475 2665 1731 2724 Florem
1774 2663 1923 2725 Ast.
1971 2664 2157 2740 (Vou.
2202 2663 2364 2724 1199
2411 2664 2588 2726 VIII
2631 2664 2731 2737 27,
2773 2685 2835 2726 n.
2880 2664 2983 2741 55)
3020 2665 3190 2742 Θήῃ.
3276 2665 3390 2725 Ed.
3435 2665 3606 2724 Mat-

1471 2762 1635 2823 tkaei
1674 2762 1838 2822 Eccl.
1879 2761 2014 2821 Pis.
2059 2761 2223 2822 Hist.
2268 2761 2307 2820 Ι
2351 2761 2444 2821 69.
2773 2755 2780 2760 ’

1151 2926 1293 2986 245.
2710 2923 2941 2995 Pietra,
2985 2923 3025 2984 4
3065 2923 3386 2983 Dezember
3426 2923 3603 2984 1198.

1270 3021 1919 3084 Cavaloalambardus
1939 3022 2045 3099 qd.
2076 3020 2334 3093 Tiniosi,
2365 3019 2750 3081 Lambertus
2777 3022 2882 3098 qd.
2913 3019 3425 3096 Ild(ebrandini)‚
3457 3019 3606 3080 Gal-

1149 3140 1353 3201 ganus
1393 3120 1502 3200 qd.
1548 3118 1970 3192 Gualandelli,
2016 3116 2270 3180 Gentile
2310 3118 2415 3196 qd.
2459 3117 2776 3199 Sighierii‚
2806 3118 3267 3180 Gualandellus
3293 3126 3360 3178 et
3387 3117 3608 3199 Sighe·

1148 3219 1280 3279 rius
1300 3218 1405 3296 qd.
1430 3217 1717 3297 Sigherii,
1741 3214 2395 3277 Cavalcalambardus
2422 3217 2528 3295 qd.
2560 3215 2887 3296 Paganelli
2917 3217 3316 3287 iuraverunt,
3342 3217 3609 3294 quando

1149 3317 1493 3377 conventio
1534 3315 1709 3376 facta
1748 3314 1876 3375 fuit
1918 3316 2088 3375 inter
2130 3334 2237 3376 eoe
2277 3319 2347 3374 et
2387 3314 2735 3393 Ugolinum
2777 3314 2859 3374 de
2899 3315 3093 3374 Petra
3120 3314 3202 3374 de
3235 3314 3604 3375 venditione

1151 3416 1339 3476 Petre
1365 3414 1658 3494 Raninge
1686 3414 1774 3473 eis
1801 3413 2117 3484 facienda,
2141 3411 2480 3473 observare
2500 3413 2829 3491 pactiones
2850 3410 3060 3473 factas
3079 3409 3163 3472 ab
3186 3411 3459 3489 Ugolino
3487 3430 3607 3488 pro

1149 3513 1345 3574 Petra
1379 3510 1676 3591 R'aninga
1709 3531 1855 3572 cum
1887 3510 2200 3572 Uberto
2234 3510 2339 3590 qd.
2380 3512 2640 3571 Pariscii
2677 3512 2757 3572 de
2794 3509 2971 3572 Luca
2998 3517 3153 3570 tunc
3194 3509 3420 3569 Vult.
3468 3527 3603 3587 po-

1150 3617 1465 3673 testate
1483 3660 1497 3684 ,
1524 3616 1711 3671 tanto
1735 3610 1900 3690 plus,
1931 3616 2181 3687 quanto
2207 3609 2351 3688 plus
2380 3607 2820 3669 Bonafidanza
2852 3608 2955 3685 qd.
2987 3606 3356 3686 Lamprecti
3394 3607 3606 3685 pactis

1145 3709 1608 3789 prenominatis
1651 3709 1842 3769 vellet
1882 3708 2265 3786 ‘adiungerffi
2310 3711 2656 3767 teneantur
2695 3705 2943 3766 salvare
2985 3704 3277 3765 homines
3316 3705 3397 3765 de
3425 3703 3597 3764 Vult..

1148 3810 1215 3869 in
1256 3815 1399 3870 tota
1439 3806 1635 3868 fortia
1674 3808 1738 3867 in
1781 3810 1994 3867 castro
2034 3805 2116 3865 de
2155 3804 2614 3865 Montetiniosi.
2725 3801 3356 3875 MCLXXXXVIII,
3399 3801 3603 3881 pridie

1147 3926 1292 3968 non.
1336 3907 1494 3980 dec.,
1540 3906 1666 3967 ind.
1709 3905 1797 3966 Π.
1880 3905 2025 3965 Act.
2071 3904 2138 3962 in
2177 3903 2492 3962 comitatu
2524 3901 2698 3962 Vult.
2730 3902 2918 3962 iuxta
2941 3906 3227 3962 castrum
3256 3899 3445 3962 Petre
3472 3900 3598 3959 Ra·

1147 3986 1360 4085 ninge.
1440 4005 1815 4065 Franciesco
1843 4004 1925 4064 de
1950 4001 2173 4062 Monte
2189 4000 2503 4061 Vultraio.
2522 3998 2796 4077 Ugolino
2819 3998 2923 4077 qd.
2949 3997 3319 4059 Bonacorsi.
3341 3995 3602 4057 Andrea

1143 4110 1277 4165 not.
1322 4104 1402 4164 de
1444 4103 1682 4164 Sancto
1722 4100 2123 4163 Geminium.
2168 4096 2486 4159 Stantiolo
2529 4097 2635 4176 qd.
2681 4094 3044 4158 Baldovini.
3087 4094 3394 4174 Mugnaio
3447 4093 3598 4155 Rai-

1146 4203 1323 4262 nerii.
1367 4199 1685 4261 Trebaldo
1724 4199 1805 4260 de
1846 4196 2085 4258 Sancto
2127 4196 2416 4256 Miniato.
2501 4194 2827 4275 Henrigus
2867 4194 3018 4272 imp.
3067 4199 3202 4285 not.

1464 4298 1724 4359 Florem
1765 4295 1914 4356 Ast.
1962 4294 2146 4371 (Vols.
2193 4314 2252 4353 n.
2297 4293 2401 4368 51)
2445 4291 2614 4369 Oriq.

1290 4496 1333 4559 ¹)
1375 4484 1515 4544 Uber
1548 4493 1653 4543 den
1688 4492 1782 4543 Ort
1818 4492 1933 4542 und
1967 4492 2055 4542 die
2089 4491 2206 4541 Zeis
2228 4489 2548 4540 Davideohn
2572 4489 2954 4551 Foroehunqm
2987 4488 3022 4536 I
3059 4489 3176 4539 131.
3267 4485 3367 4536 Ich
3399 4484 3599 4535 mdc-hle

1144 4585 1289 4636 nicht
1323 4584 1423 4634 mit
1457 4582 1574 4632 ihm
1608 4582 1728 4631 eine
1762 4581 2022 4631 ver-Korma
2056 4580 2356 4642 Indu'qenz
2395 4578 2666 4637 Pandu'se
2699 4580 2795 4638 fiir
2829 4577 2935 4626 den
2969 4576 3220 4638 Huqotaq
3252 4589 3355 4624 aue
3377 4572 3469 4623 der
3495 4573 3594 4622 Er·

1142 4673 1428 4734 ‹ociter-unq
1466 4670 1686 4730 Bischol
1724 4670 1944 4731 Paycme
1970 4672 2158 4731 (unfen
2185 4684 2238 4716 n.
2268 4670 2298 4718 5
2309 4670 2395 4729 76)
2430 4668 2652 4729 solym-n,
2681 4666 2912 4715 condem
2935 4664 3077 4714 die-se
3100 4664 3194 4723 liae'r
3219 4664 3374 4713 einen
3397 4660 3595 4711 unklar

1140 4760 1563 4823 auoqedrilcktcn
1600 4759 1794 4808 Zucatz
1834 4759 2054 4819 Paqcme
2089 4756 2282 4806 ha'ten,
2358 4757 2517 4806 Siehe
2552 4756 2691 4805 auch
2728 4755 2990 4804 Leontini
3028 4756 3146 4806 5224.
