4000 5700
1163 548 1269 603 1oe
1804 542 2251 601 REGEGTUM
2287 543 2975 599 VOLATERRANUM

1540 637 3488 646 ....-————————————-—————
3561 637 3616 643 ——

1160 743 1298 806 288.
1790 739 2064 803 volterra
2107 739 2241 799 und
2281 738 2688 811 Monteverde,
2732 738 2815 800 28
2853 737 2988 799 und
3025 739 3107 799 29
3148 737 3396 817 Auqust
3435 738 3612 801 1208.

1282 837 1638 912 MOCVIII,
1656 837 1784 898 ind.
1811 836 1931 910 XI,
1963 836 2023 897 V
2047 836 2174 896 kal.
2205 843 2364 914 sept.
2451 836 2788 897 Rainerius
2819 833 3021 897 abbas
3047 854 3091 895 s
3126 834 3301 895 Petri
3327 836 3410 897 de
3437 836 3618 897 Mon·

1161 935 1420 1000 toviridi
1442 955 1558 1012 pro
1577 934 1863 998 utilitate
1886 954 2058 995 mon.
2082 934 2366 996 concedo
2392 933 2576 995 vobis
2603 934 2938 995 Leonardo
2964 934 3068 1011 qd.
3100 931 3272 994 Gulli
3297 945 3366 994 et
3380 934 3632 1015 Sigerlo

1163 1035 1462 1098 Guzolini
1500 1032 1721 1095 Vult.
1765 1033 2254 1096 consulibus
2312 1051 2427 1112 pro
2474 1030 2653 1093 vobis
2693 1038 2760 1092 et
2815 1031 3217 1093 Bonaccorso
3273 1029 3620 1094 Rolandini

1163 1135 1338 1195 socio
1357 1137 1575 1194 vestro
1593 1131 2098 1193 iurisdictionem
2123 1148 2333 1190 meam
2365 1131 2430 1190 in
2458 1128 2733 1190 castellis
2760 1128 2840 1188 de
2866 1127 3409 1201 Canneto,-Sassa‚
3425 1128 3622 1202 Quer-

1165 1238 1328 1306 octo,
1371 1230 1708 1300 Micciano,
1753 1231 2028 1301 Roveta,
2059 1227 2396 1301 LibbianO,
2428 1227 2763 1300 Sei-azano,
2793 1226 3014 1288 Monte
3043 1226 3350 1307 Ravo[li],
3395 1228 3463 1289 in
3496 1228 3624 1289 Ga·

1166 1329 1371 1402 breto,
1416 1331 1485 1390 in
1523 1327 1800 1390 castellis
1840 1329 1922 1389 de
1963 1328 2239 1404 Agnano
2285 1331 2353 1387 et
2406 1325 2882 1405 Montegemoli,
2925 1332 3002 1386 ut
3054 1327 3311 1404 possitis
3369 1327 3630 1387 mittere

1166 1428 1459 1490 consules
1498 1427 1598 1487 vel
1643 1433 1975 1498 rectorem,
2021 1424 2312 1485 homines
2353 1443 2577 1504 cogere
2602 1423 2810 1484 facere
2835 1439 3131 1504 guerram
3159 1429 3228 1483 et
3255 1441 3477 1500 pacem
3504 1442 3628 1502 pro

1167 1525 1373 1597 vobis,
1417 1529 1744 1586 reservato
1784 1522 1978 1584 michi
2021 1523 2185 1584 med.
2231 1521 2616 1602 placitorum
2650 1527 2718 1582 et
2746 1520 3105 1583 bannorum
3135 1521 3326 1582 castri
3351 1523 3435 1583 de
3458 1522 3623 1583 Can·

1167 1631 1323 1687 neto
1344 1630 1412 1685 et
1429 1621 1512 1683 de
1532 1624 1738 1686 Sassa.
1764 1622 1914 1683 Non
1934 1615 2231 1684 alienabo
2247 1621 2457 1681 dictos
2483 1620 2675 1693 locos,
2706 1621 2826 1680 nisi
2847 1618 3134 1699 inquisiti
3155 1622 3332 1699 prius
3360 1618 3625 1682 fueritis,

1169 1722 1456 1783 Reservo
1498 1718 1690 1781 michi
1731 1719 2196 1798 proprietatem
2222 1726 2291 1780 et
2316 1717 2794 1779 usumimctum
2824 1717 2891 1779 in
2919 1718 3102 1778 terris
3129 1724 3195 1778 et
3222 1716 3630 1792 hominibus;

1168 1839 1313 1900 pen.
1356 1820 1405 1882 C
1447 1836 1640 1879 marc.
1686 1837 1818 1898 arg.
1858 1818 2096 1897 Accepi
2138 1836 2254 1896 pro
2296 1818 2697 1879 concessione
2751 1815 3222 1894 infrascriptam
3267 1816 3630 1894 promissio-

1171 1937 1339 1980 nem.
1422 1917 1565 1978 Act.
1608 1913 1785 1977 Vult.
1817 1917 1884 1976 in
1911 1916 2108 1977 domo
2148 1913 2591 1976 Ildebrandini
2632 1913 3014 1993 Garganelli.
3102 1913 3505 1975 Bonaiuncta
3533 1916 3628 1975 iu-

1169 2016 1310 2076 dice
1351 2015 1434 2076 de
1472 2013 1651 2075 Vico.
1681 2011 1960 2093 Ugolino
1985 2013 2070 2074 de
2097 2011 2310 2074 Petra.
2342 2011 2533 2073 (lullo
2561 2011 2664 2091 qd.
2696 2008 2956 2071 Faville.
2988 2009 3313 2071 Lanberto
3340 2012 3420 2072 de
3447 2010 3634 2072 Mon·

1171 2113 1509 2191 tetignoso.
1552 2111 1758 2171 Ivone
1784 2110 2069 2188 Sperani.
2101 2108 2561 2171 Ildebrandino
2587 2114 2654 2168 et
2682 2107 3035 2169 Guiscardo
3063 2108 3172 2186 qd.
3203 2106 3375 2169 Bari.
3415 2106 3640 2170 Guido

1171 2212 1254 2272 de
1306 2209 1640 2270 Micciano.
1687 2208 1962 2270 Dainese
2016 2209 2098 2269 de
2152 2208 2360 2269 Sassa.
2419 2204 2735 2267 Bonofilio
2788 2204 3114 2267 Tedeschi.
3171 2205 3642 2267 Ildebrandino

1175 2308 1627 2370 Preitemanni.
1683 2304 2108 2367 Gualtarocto
2161 2305 2425 2366 Mathei.
2483 2304 2766 2366 Belforte
2821 2302 3271 2366 Bonafidanze.
3338 2303 3642 2365 Bonavia

1175 2405 1476 2468 Bandini.
1522 2406 1761 2484 Sigei-io
1802 2403 2081 2481 Ugolini.
2127 2403 2536 2482 Boninsegna
2575 2410 2708 2463 not.
2755 2400 3069 2462 Palmerio
3110 2400 3507 2465 Bonestrade
3551 2409 3634 2464 tt.

1175 2503 1282 2566 111
1325 2503 1449 2564 kal.
1494 2509 1652 2579 sept.
1740 2501 1943 2582 presb.
1991 2499 2283 2572 Michacl‚
2328 2499 2717 2560 Benedictus
2772 2497 3057 2560 subdiac.
3103 2501 3375 2572 monaci,
3421 2501 3630 2580 presb.

1178 2601 1325 2681 Ugo
1365 2601 1778 2679 cappellanus
1819 2596 2103 2677 cappelle
2143 2600 2226 2658 de
2265 2598 2692 2658 Monteviride
2739 2604 2807 2658 et
2860 2617 2996 2658 can.
3051 2599 3420 2659 monasterii
3473 2597 3637 2659 Leo·

1179 2701 1381 2759 nardo
1403 2699 1734 2778 recipienti
1754 2705 2233 2758 consenserunt.
2305 2696 2448 2756 Act.
2496 2697 2558 2755 in
2588 2695 2965 2756 dormitorio
2987 2715 3156 2755 mon.
3226 2695 3435 2758 Gullo.
3481 2695 3637 2756 Dai-

1180 2817 1342 2860 nese.
1388 2797 1627 2876 Sigei-io
1670 2794 1944 2876 Ugolini.
1989 2794 2382 2857 Bontalento
2420 2795 2611 2856 Cenci
2641 2801 2718 2855 tt.
2803 2793 2936 2855 Nos
2965 2792 3335 2857 Leonardus
3368 2794 3537 2856 Gulli
3569 2803 3641 2856 et

1182 2895 1456 2975 Sigerius
1498 2894 1795 2956 Guzolini
1835 2912 1953 2972 pro
1996 2892 2177 2953 nobis
2222 2903 2286 2954 et·
2317 2892 2717 2954 Bonaccorso
2747 2892 3093 2954 Rolandini
3120 2892 3345 2954 habito
3373 2892 3647 2954 consilio

1181 3013 1222 3055 a
1263 2993 1447 3055 bonis
1488 2992 1856 3053 hominibus
1897 2992 2335 3070 promittimus
2391 2990 2508 3051 tibi
2569 2991 2869 3051 Rainerio
2923 2989 3069 3051 abb.
3126 2990 3374 3051 salvare
3425 2990 3646 3051 dictas

1183 3099 1405 3164 terras,
1435 3110 1565 3152 non
1608 3091 1829 3151 tollere
1869 3094 2198 3150 accattum
2230 3088 2330 3149 vel
2358 3088 2631 3159 datium,
2675 3088 2797 3147 nisi
2837 3087 3099 3167 quando
3131 3088 3362 3148 civitas
3390 3106 3504 3167 pro
3532 3108 3639 3148 co-

1185 3191 1363 3251 muni
1390 3190 1643 3250 datium
1677 3188 1930 3260 fecerit;
1957 3187 2251 3266 predicta
2276 3187 2357 3247 de
2397 3187 2755 3247 constituto
2795 3205 2923 3245 non
2965 3185 3373 3258 auferantur3
3415 3205 3559 3265 pen.
3591 3185 3646 3248 O

1183 3306 1374 3348 marc.
1407 3306 1535 3366 arg.
1624 3286 1762 3346 Act.
1800 3283 1973 3345 Vult.
2057 3285 2161 3344 die
2191 3290 2260 3344 et
2286 3288 2445 3357 loco,
2476 3282 2710 3361 quibus
2738 3282 2940 3343 abbas
2967 3282 3121 3343 fecit
3147 3285 3646 3356 concessionem,

1185 3386 1420 3447 eisdem
1466 3391 1543 3444 tt.

1508 3482 1765 3542 Florenz
1808 3480 1958 3541 Ast.
2009 3480 2196 3553 (Volt.
2243 3479 2404 3540 1208
2451 3478 2628 3541 VIII
2672 3479 2772 3550 28,
2815 3499 2873 3537 n.
2920 3477 3023 3553 95)
3068 3477 3236 3555 Oriy.

1187 3637 1323 3696 289.
2346 3628 2502 3705 (San
2549 3629 2974 3706 G'imiqnano)‚
3019 3628 3059 3689 8
3097 3628 3420 3690 Daember
3459 3629 3642 3691 1208.

1310 3731 1411 3797 Ad
1454 3731 1759 3792 honorem
1802 3751 1846 3790 s,
1893 3729 2276 3799 Geminiani,
2320 3746 2364 3787 s.
2413 3727 2609 3787 Marie
2650 3726 2730 3787 de
2771 3727 2944 3787 Vult.
2995 3732 3062 3787 et
3117 3725 3487 3787 Ildebrandi
3541 3747 3639 3807 ep

1190 3815 1636 3907 Gregorius
1677 3832 2060 3905 potestas
2118 3826 2176 3888 S.
2222 3825 2693 3885 Geminiani
2734 3843 2881 3884 cum
2931 3824 3298 3885 Bonacorso
3337 3823 3441 3902 qd.
3486 3823 3647 3884 Lot-

1190 3928 1357 3999 tatii,
1402 3926 1686 4003 Henrigo
1713 3922 2079 3995 Cristofani‚
2111 3922 2459 4002 Henrigolo
2489 3921 2814 3993 Adalardi‚
2847 3921 3208 3983 Bonacorso
3237 3921 3645 3994 Gerarducci,

1191 4026 1475 4089 Fidanza
1516 4023 1862 4085 Guerzocnis
1904 4022 2062 4082 meis
2102 4021 2474 4083 consiliariis
2503 4023 2804 4095 iuramu8‚
2836 4020 3012 4100 quod
3038 4040 3368 4094 canevam,
3399 4028 3644 4087 turrem

1190 4131 1260 4185 et
1301 4121 1634 4202 palatium,
1681 4138 1806 4197 que
1848 4119 2059 4179 Guido
2114 4126 2181 4179 et
2237 4118 2479 4197 Useppi
2535 4124 2600 4177 et
2656 4116 3178 4178 Lambertuccius
3232 4117 3494 4191 habent,
3537 4138 3652 4181 eoa

1192 4241 1323 4284 non
1365 4218 1811 4298 permittemus
1839 4216 2133 4277 habitare
2163 4236 2274 4277 nec
2305 4216 2564 4277 fortiam
2597 4215 2682 4276 ibi
2722 4215 2968 4276 habere.
3055 4214 3408 4288 MCCVIII,
3439 4216 3530 4277 VI
3561 4216 3648 4277 id.

1192 4321 1350 4390 dec.,
1394 4317 1521 4378 ind.
1570 4314 1721 4376 XII.

1520 4414 1679 4477 Volt.
1724 4414 1960 4475 AVesc.
2005 4434 2050 4473 8.
2099 4413 2285 4473 XIII
2329 4414 2446 4473 dec.
2494 4413 2529 4472 1
2577 4434 2631 4472 n.
2678 4413 2758 4472 17
2797 4412 2965 4490 οης.

1195 4566 1336 4624 290
2808 4557 3008 4628 Elmo
3053 4555 3133 4617 83
3172 4556 3430 4616 Januar
3468 4556 3644 4617 1209.

1317 4658 1670 4729 MCCVIII,
1705 4657 1765 4716 X
1798 4656 1919 4718 kal
1950 4657 2099 4723 feb.
2130 4656 2257 4717 ind.
2287 4655 2437 4716 XII.
2553 4653 3106 4716 Ildebrandus
3145 4652 3316 4713 Vult.
3342 4672 3436 4732 ep.
3467 4653 3647 4715 dedit

1196 4761 1262 4819 in
1304 4756 1745 4835 emphiteosim
1804 4760 2178 4833 perpetuam
2225 4753 2574 4814 Benedicto
2629 4752 2851 4813 abbati
2898 4750 3144 4811 Adelmi
3201 4749 3284 4810 ad
3338 4769 3508 4830 pens.
3555 4751 3646 4812 VI
