4000 5700
1077 557 1522 611 REGESTUM
1563 558 2117 613 VOLATERRAN
2136 557 2251 611 [ΞΜ
2787 560 2891 612 287

432 762 570 823 849.
1978 762 2158 835 Pisa,
2201 762 2283 823 26
2321 761 2670 839 September
2711 763 2892 823 1277.

552 859 792 920 Iacobo
836 858 1067 920 vo‘cato
1109 858 1343 920 Puocio
1388 858 1596 921 Balbo
1639 858 1741 938 qd.
1789 856 2115 919 Malvicini
2170 858 2249 918 de
2305 857 2492 929 Cane,
2553 858 2895 937 capitaneo

428 956 806 1017 collinamm
848 956 930 1017 de
969 962 1222 1035 suptus,
1266 961 1641 1035 preceptum
1683 963 1784 1017 est
1837 976 1877 1015 a
1933 955 2186 1018 Staccia
2235 955 2316 1016 de
2365 954 2536 1017 Colle
2579 957 2785 1017 iudice
2827 966 2889 1018 et

428 1073 744 1114 assessore
786 1053 936 1115 Pis.
980 1055 1367 1124 comunis,
1399 1054 1576 1134 quod
1602 1053 1905 1115 balneum
1933 1054 2014 1115 de
2055 1055 2311 1132 Aquis
2349 1055 2610 1132 eiusque
2655 1074 2888 1133 aquam

430 1159 498 1211 et
538 1150 980 1228 aqueductum
1021 1157 1358 1213 conservet
1398 1152 1469 1212 in
1505 1158 1685 1212 statu
1731 1153 2019 1232 antiquo.
2118 1153 2299 1213 Fact.
2359 1151 2522 1212 Pisis
2580 1152 2645 1213 in
2699 1152 2891 1214 domo

426 1250 740 1318 comunis,
783 1245 894 1308 ubi
937 1255 1036 1310 est
1077 1248 1211 1309 eius
1253 1247 1650 1310 cancellaria.
1695 1247 1970 1311 Nicholo
2012 1249 2095 1310 de
2134 1249 2343 1311 Aritio
2371 1249 2574 1309 milite
2616 1255 2682 1309 et
2721 1252 2891 1309 socio

433 1347 793 1424 potestatis.
835 1346 1051 1407 Mecto
1089 1346 1170 1407 de
1211 1345 1600 1426 Seivalunga
1626 1352 1691 1407 et
1725 1346 1911 1425 Lupo
1936 1346 2019 1408 de
2045 1347 2372 1408 Travalda
2410 1347 2513 1425 qd.
2547 1346 2891 1425 Sanguine-i

432 1444 676 1504 nuntiis
718 1442 842 1505 Pis.
887 1445 1176 1506 comunis
1220 1449 1299 1504 tt.
1382 1443 1935 1517 MCCLXXVIII,
1978 1445 2112 1506 ind.
2155 1444 2269 1517 VI,
2315 1444 2408 1505 VI
2452 1445 2577 1505 kal.
2625 1450 2749 1505 oct.

762 1539 894 1601 Wie
934 1560 998 1601 n.
1044 1540 1165 1602 848
1205 1539 1380 1617 Oriq.
1430 1540 1616 1618 (siche
1656 1541 1816 1602 auch
1858 1561 1918 1603 π.
1965 1542 2085 1603 846
2127 1541 2258 1603 und
2302 1562 2358 1601 η.
2405 1541 2567 1617 850).

430 1866 567 1925 850.
1981 1863 2160 1935 Pica,
2203 1863 2286 1923 27
2324 1862 2672 1940 September
2712 1862 2887 1924 1277

551 1960 849 2024 Sindicus
890 1963 1181 2024 comunis
1221 1962 1303 2023 de
1346 1958 1577 2022 balneo
1619 1960 1840 2039 Aquis,
1882 1960 2158 2021 Michael
2212 1961 2316 2039 qd.
2362 1961 2769 2039 Uguiccionis
2824 1968 2891 2022 et-

431 2060 543 2120 alii
584 2060 960 2120 iuraverunt
989 2058 1238 2120 Staccie
1264 2059 1461 2120 iudici
1489 2066 1558 2119 et
1587 2058 1884 2120 assessori
1929 2059 2077 2119 Pie.
2123 2078 2292 2119 com
2314 2058 2510 2131 unis,
2545 2059 2717 2139 quod
2763 2079 2888 2120 non

431 2158 830 2236 permittent,
891 2155 1067 2236 quod
1127 2157 1195 2217 in
1258 2154 1506 2229 balneo,
1550 2175 1722 2235 aqua
1776 2162 1844 2216 et
1896 2157 2267 2235 aqueductu
2323 2158 2485 2218 fiant
2549 2158 2887 2218 novitates.

432 2257 574 2317 Act.
606 2255 770 2316 Pisis
796 2256 865 2316 in
891 2254 1087 2316 domo
1112 2255 1401 2317 comunis
1429 2256 1495 2314 in
1523 2252 1754 2315 salario
1781 2273 1974 2333 supra
2003 2251 2468 2315 cancellariam.
2526 2254 2891 2316 Sexmondo

432 2355 515 2416 de
553 2352 837 2432 Tripallo
878 2359 946 2413 et
988 2352 1283 2415 Guidone
1322 2354 1405 2414 de
1447 2351 1635 2413 Vada
1661 2352 1999 2412 iudicibus,
2030 2350 2338 2412 Michaele
2387 2352 2751 2414 Maschione
2781 2353 2887 2431 qd.

433 2451 712 2514 Bandini
755 2449 836 2511 de
877 2447 1127 2529 capella
1166 2471 1210 2511 s.
1257 2448 1540 2511 Fridiani
1586 2458 1719 2510 not.
1764 2454 1845 2510 tt.
1931 2448 2476 2521 MOCLXXVIII,
2522 2451 2648 2510 ind.
2688 2450 2800 2523 VI,
2836 2452 2889 2511 V

431 2548 558 2609 kal.
604 2554 730 2610 oct.

552 2645 811 2707 Sindico
851 2652 918 2706 et
960 2644 1326 2707 consulibus
1366 2646 1657 2707 comunis
1698 2645 1780 2705 de
1821 2644 2051 2706 balneo
2092 2645 2293 2723 Aquis
2337 2665 2377 2705 a
2404 2644 2653 2706 Staccia
2683 2646 2891 2707 iudice

431 2753 496 2806 et
540 2763 853 2806 assessore
916 2743 1069 2803 Pis.
1135 2743 1503 2804 comunis
1565 2748 1938 2822 preceptum
1982 2749 2101 2815 est,
2148 2751 2221 2803 ut
2263 2743 2523 2813 faciant,
2569 2744 2736 2803 sicut
2780 2763 2892 2821 per

431 2842 935 2924 suprascriptam
956 2848 1202 2903 cartam
1231 2841 1678 2920 promiserunt.
1749 2840 1942 2914 LocO,
1970 2842 2096 2913 die,
2122 2840 2395 2903 testibus
2423 2841 2888 2921 suprascriptis.

761 2939 894 3001 Wie
934 2961 996 3000 n.
1043 2939 1163 3001 849
1203 2939 1373 3017 Oriq.
1423 2939 1610 3017 (siche
1650 2937 1810 3002 auch
1852 2960 1912 3001 n.
1959 2940 2080 3001 845
2108 2940 2200 3001 bie
2242 2939 2406 3015 848).

431 3262 569 3322 851.
1861 3262 2185 3333 Montieri,
2229 3225 2309 3321 18
2348 3261 2670 3322 Dezember
2710 3261 2888 3323 1277.

554 3356 1065 3430 MCCLXXVIL
1110 3358 1237 3421 ind.
1285 3358 1398 3430 VI,
1445 3356 1678 3420 XVIII
1719 3359 1852 3420 dec.
1914 3356 2356 3420 Rainerius
2410 3379 2509 3438 ep.
2555 3358 2729 3420 Vult.
2775 3379 2892 3437 pro

429 3458 787 3519 commodis
827 3464 895 3519 et
947 3456 1317 3532 honoribus,
1361 3476 1524 3537 quos
1567 3456 1828 3518 Alexius
1870 3457 2022 3518 olim
2064 3455 2340 3518 chaldi
2396 3458 2474 3518 de
2529 3454 2890 3519 Tholomeis

430 3554 590 3616 civis
630 3553 927 3618 Senensis
968 3555 1093 3617 sibi
1131 3561 1199 3617 et
1238 3556 1641 3636 episcopatui
1682 3554 1932 3617 confert
1972 3561 2041 3617 et
2067 3555 2370 3626 conferet,
2402 3556 2537 3615 eius
2570 3554 2698 3615 filio
2723 3555 2889 3616 Tho·

431 3651 581 3713 fane
624 3670 666 3711 a
703 3653 827 3713 kal.
873 3654 1003 3714 ian.
1050 3652 1134 3715 ad
1176 3652 1315 3714 XII
1357 3671 1559 3714 annos
1599 3652 2143 3732 argentifodinam
2187 3658 2488 3714 vocatam
2531 3651 2795 3714 Ismicta
2826 3655 2893 3713 in

433 3756 655 3810 mont-e
695 3749 993 3811 Monterii
1038 3748 1303 3829 largitus
1331 3755 1448 3811 est.
1533 3750 1675 3810 Act.
1708 3749 2025 3811 Monterii.
2109 3748 2480 3811 Primerano
2508 3749 2782 3828 plebano
2810 3750 2893 3812 de

434 3846 964 3925 Ripamarrancia
1007 3853 1074 3909 et
1117 3848 1340 3909 Riccio
1380 3848 1485 3927 qd.
1532 3848 1957 3908 Bencivennis
1984 3846 2066 3908 de
2093 3847 2273 3910 Senis
2303 3853 2381 3908 tt.
2465 3848 2742 3911 Iacobus
2774 3849 2891 3911 Po-

428 3945 579 4008 sche
619 3945 814 4007 iudex
855 3952 923 4007 et
966 3953 1100 4007 not.

758 4043 921 4106 Volt.
968 4043 1282 4106 AMum‘c.
1331 4045 1535 4120 (Prov.
1579 4044 1700 4106 div.
1745 4063 1899 4107 cass.
1944 4046 2074 4122 IV)
2118 4045 2285 4121 Oriy.

431 4339 570 4401 852.
2092 4338 2271 4410 Rom,
2316 4337 2356 4399 8
2396 4339 2672 4398 Februar
2713 4339 2889 4401 1278.

551 4436 615 4496 N
630 4434 947 4498 neolaus
987 4434 1122 4498 111
1166 4435 1542 4516 <Raynerio)
1586 4456 1686 4516 ep.
1731 4435 1906 4498 Vult.
2012 4435 2174 4498 Cum
2216 4455 2313 4516 ep.
2359 4455 2550 4516 super
2592 4435 2891 4514 dampnis

428 4533 628 4597 illatis
664 4532 788 4596 sibi
840 4554 883 4596 a
934 4553 1274 4597 commune
1326 4540 1395 4596 et
1449 4534 1818 4597 hominibus
1858 4535 2035 4596 Vult.
2085 4536 2151 4595 in
2205 4534 2640 4596 destructione
2695 4537 2893 4597 castri

427 4632 805 4711 Berignonis
846 4633 912 4694 in
955 4632 1352 4712 Raynerium
1393 4632 1499 4713 qd.
1532 4632 1915 4704 RustichinL
1947 4632 2388 4695 Bonacursum
2417 4633 2522 4710 qd.
2554 4631 2881 4712 Rugerini,

425 4729 850 4792 Sarracenum
891 4729 1086 4792 Scudi
1129 4731 1301 4792 Vult.
1344 4732 1515 4793 cives
1557 4732 2083 4810 compromiserit,
2127 4749 2297 4809 papa
2327 4730 2714 4791 arbitrorum
2755 4731 2892 4793 lau-
