4000 5700
1060 542 1505 598 REGESTUM
1543 530 2233 599 VOLATRRRANUM
2769 542 2876 599 177

418 737 628 800 Booti.
658 738 1061 801 Montanello
1087 739 1197 817 qd.
1227 738 1562 820 Mendrigi.
1598 739 1894 801 Bandino
1921 740 2318 801 Montanine.
2358 737 2623 800 Alberto
2651 739 2877 801 clerico

417 835 748 916 capellano
789 837 942 898 eccl.
997 837 1080 897 de
1137 836 1383 910 Quinto
1437 843 1518 897 tt.
1617 836 2157 911 MCCXXXIIII,
2202 838 2331 899 ind.
2389 837 2539 908 VII,
2599 837 2700 898 XI
2748 835 2876 898 kal.

417 940 581 1014 sept.
680 935 1052 1014 Sequuntur
1104 934 1430 1012 permulta
1484 936 1879 997 testimonia.
1973 932 2248 996 Michael
2273 938 2318 1013 ¹)
2362 941 2497 996 not.
2542 935 2588 995 f.
2632 934 2875 996 Bonac-

420 1034 582 1094 cursi
625 1053 662 1095 e
702 1032 865 1094 libro
894 1032 1257 1093 imbreviat.
1292 1032 1689 1095 Provenzani
1718 1039 1855 1094 not.
1885 1032 2177 1095 defuncti
2207 1034 2520 1095 mandato
2554 1033 2879 1114 Frederigi

420 1130 661 1193 Ruffoli
704 1132 786 1192 de
825 1128 1005 1193 Vult.
1049 1132 1311 1192 rectoris
1351 1133 1545 1191 castri
1589 1131 2116 1210 Ripamarrancie
2156 1138 2225 1192 et
2265 1133 2528 1193 consilii.

747 1228 905 1291 Volt.
938 1229 1175 1290 AVeec.
1206 1247 1258 1289 3.
1288 1227 1474 1288 XIII
1507 1229 1631 1290 dec.
1661 1230 1701 1290 4
1726 1250 1792 1290 n.
1824 1230 1905 1291 19
1930 1229 2107 1307 Oriq.

421 1427 556 1485 508.
1916 1425 2241 1498 Momierss
2284 1426 2367 1487 26
2407 1425 2656 1504 Aequa
2697 1426 2877 1488 1234.

540 1521 1080 1588 MCCXXXIIII,
1126 1523 1253 1583 VII
1299 1520 1421 1582 kal.
1466 1527 1605 1594 set„
1652 1522 1784 1582 ind.
1823 1521 1971 1583 VII.
2055 1522 2539 1584 Ildibrandinus
2566 1524 2673 1602 qd.
2707 1525 2878 1584 Men·

419 1621 580 1700 drigi
625 1620 723 1681 de
748 1619 1282 1698 Ripamarrancia
1322 1619 1563 1681 arbiter
1605 1622 1837 1681 tertius
1874 1620 2121 1682 electus
2160 1640 2308 1682 cum
2343 1640 2656 1682 consensu
2687 1621 2881 1682 Iunte

419 1718 678 1797 plebani
707 1719 788 1778 de
818 1717 1217 1796 Lussignano
1245 1723 1313 1778 et
1335 1718 1605 1779 Strenue
1626 1717 1672 1778 f.
1698 1719 2015 1781 Caffarelli
2043 1718 2124 1779 dc
2145 1718 2465 1780 Sel-azano
2491 1719 2877 1813 arbitgorum

420 1816 767 1878 electorum
810 1835 850 1875 a
892 1816 1221 1894 Pagano
1263 1835 1363 1894 ep.
1409 1814 1585 1876 Vult.
1630 1835 1709 1876 ex
1752 1835 1883 1878 una
1923 1824 2111 1895 parte
2151 1822 2220 1878 et
2245 1816 2565 1879 Pandolfo
2593 1816 2672 1878 de
2702 1819 2878 1879 Man·

419 1916 604 1976 ciano
645 1933 762 1993 pro
802 1934 869 1974 se
911 1920 977 1974 et
1018 1912 1364 1993 nepotibus
1404 1934 1483 1975 ex
1526 1914 1732 1975 altera
1771 1933 1962 1994 super
2006 1914 2375 1976 venditione
2421 1913 2598 1975 feudi
2642 1915 2724 1977 de
2764 1915 2877 1977 Ca-

420 2012 675 2073 stilione
715 2010 1049 2084 Bernardi,
1094 2010 1269 2090 quod
1312 2011 1625 2073 tenebant
1668 2011 1754 2073 ab
1796 2014 2117 2091 episcopo,
2163 2017 2239 2072 ut
2278 2017 2468 2091 patet
2508 2033 2589 2074 ex
2646 2015 2878 2074 instru-

423 2116 642 2171 mento
677 2108 990 2172 Guidonis
1020 2116 1179 2182 not„
1210 2111 1658 2171 sententiavit:
1745 2109 2100 2172 Pandolfus
2129 2110 2316 2171 cedat
2349 2111 2412 2169 in
2441 2111 2880 2173 venditionem

421 2210 721 2287 episcopo
760 2208 938 2269 dicta
978 2206 1169 2281 bona;
1215 2227 1315 2287 ep.
1359 2208 1467 2268 det
1505 2210 1564 2268 ei
1591 2228 1710 2287 pro
1743 2208 1981 2270 eisdem
2028 2207 2177 2269 CCC
2218 2207 2324 2268 lib.
2369 2208 2516 2269 den.
2561 2209 2684 2269 Pis.
2730 2228 2880 2270 nov.

423 2307 572 2385 nig„
618 2305 717 2369 CC
758 2309 823 2368 in
862 2305 1009 2367 fest.
1041 2326 1091 2366 s,
1121 2306 1450 2368 Michaelis
1476 2304 1899 2368 creditoribus
1929 2305 2240 2378 Pandolfi,
2271 2305 2505 2385 quibus
2544 2305 2739 2367 debet
2767 2326 2882 2385 pro

422 2403 858 2484 recolligendis
898 2403 1108 2465 feudis
1149 2403 1451 2484 obligatis
1492 2404 1639 2465 filiis
1682 2404 2013 2484 Ingiraimi
2046 2404 2128 2465 de
2157 2403 2425 2465 Biserno
2454 2403 2537 2464 ab
2566 2403 2879 2466 Ildibran·

421 2502 575 2563 dino
616 2501 697 2563 de
740 2503 1078 2564 Manciano
1121 2512 1305 2583 patre
1333 2503 1470 2563 eius
1511 2503 1611 2563 vel
1655 2503 1738 2563 ab
1781 2522 1908 2563 avo
1947 2504 2279 2564 occasione
2320 2502 2493 2563 dotis
2528 2501 2880 2581 Ingiraimi;

422 2601 475 2660 si
517 2620 626 2660 eas
669 2620 796 2662 non
839 2601 1043 2679 possit
1082 2598 1326 2662 solvere
1381 2601 2024 2661 causa-servitii
2079 2600 2390 2660 domini
2445 2600 2880 2679 imperato·

424 2698 535 2758 ris
577 2699 643 2759 in
686 2699 980 2771 termin0,
1024 2698 1386 2759 satisfaciat
1429 2698 1746 2759 Pandolfo
1784 2698 1866 2759 de
1907 2698 2256 2760 moderatis
2301 2699 2507 2760 usuris
2547 2717 2768 2759 earum
2797 2698 2882 2758 ad

424 2795 762 2860 arbitrium
804 2795 1248 2859 IldibrandIni.
1296 2796 1611 2858 Residuos
1651 2797 1945 2859 denarios
1975 2795 2162 2858 dabit
2189 2798 2256 2858 in
2300 2798 2576 2859 termino
2604 2795 2688 2858 ab
2717 2795 2883 2858 Ilde-

425 2895 739 2956 brandino
780 2895 1186 2975 assignando
1271 2897 1415 2956 Act.
1448 2902 1601 2957 ante
1629 2896 1895 2957 domum
1928 2897 2113 2955 vinee
2140 2897 2447 2956 canonice
2474 2894 2555 2956 de
2583 2895 2879 2958 Monteri.

428 2992 642 3055 presb.
686 2992 953 3054 Michele
994 2993 1370 3071 cappellano
1412 2995 1567 3054 eius.
1613 2993 1903 3054 Ballione
1945 2994 2055 3072 qd.
2087 2991 2440 3054 Orlandini.
2474 2991 2883 3055 Guilielmino

424 3092 505 3153 de
544 3090 874 3172 CugnanO.
920 3091 1325 3152 Beneivenne
1368 3092 1582 3152 villico
1621 3112 1720 3171 ep.
1767 3097 1849 3154 tt.
1932 3092 2210 3152 Mittone
2250 3097 2385 3152 not.

754 3189 911 3251 Vozt.
961 3188 1200 3250 AVaec.
1243 3207 1294 3248 ε.
1325 3187 1516 3249 xm
1542 3189 1667 3251 dec.
1698 3190 1738 3249 4
1766 3189 1937 3250 n.15
1965 3189 2139 3266 οτι-ρ.

427 3386 562 3447 509.
1573 3384 1857 3457 Florenz,
1900 3384 1980 3445 25
2022 3384 2156 3445 und
2195 3384 2277 3445 26
2315 3383 2664 3461 September
2700 3384 2881 3446 1234.

546 3482 1084 3556 MCCXXXIIII,
1116 3482 1245 3543 VII
1274 3482 1404 3545 kal.
1432 3488 1583 3554 oct„
1616 3482 1745 3542 ind.
1777 3481 1965 3543 VIII.
2051 3481 2196 3542 Act.
2229 3482 2293 3542 in
2323 3482 2568 3561 palatio
2595 3483 2884 3543 comunis

427 3590 715 3661 tempore
759 3581 1065 3642 Iohannis
1109 3581 1348 3642 Iudicis
1376 3579 1815 3642 Romanorum
1847 3579 2126 3639 consulis
2155 3585 2221 3639 et
2250 3579 2417 3640 Flor.
2447 3581 2794 3658 potestatis
2811 3581 2881 3657 ).
2969 3641 2984 3656 ‚

426 3680 804 3742 Coadunato
844 3680 1109 3741 consilio
1146 3678 1495 3741 Pandolfus
1523 3678 1719 3739 iudex
1748 3679 2115 3757 potestatis,
2145 3679 2299 3757 quia
2325 3678 2461 3757 ipse
2489 3677 2881 3756 patiebatur,

425 3780 780 3858 proposuit,
823 3777 1018 3858 quod,
1062 3798 1210 3838 cum
1251 3776 1593 3838 concordia
1634 3776 1811 3837 facta
1851 3781 2022 3837 esset
2063 3777 2236 3837 inter
2277 3775 2586 3837 Iacobum
2630 3775 2788 3837 Nasi
2816 3781 2884 3837 et

426 3876 904 3938 ambaxiatores
945 3877 1236 3937 comunis
1276 3875 1357 3935 de
1411 3874 1660 3947 Colle,
1716 3873 1851 3934 scil.
1910 3872 2425 3934 Ildibrandinum
2481 3871 2882 3946 Aldibrandi,

427 3973 837 4035 Guilielmum
866 3973 1266 4046 Bernardini,
1302 3973 1774 4050 Boninsegnam
1805 3971 2138 4042 Brandini,
2170 3970 2613 4032 Ranuccinum
2645 3969 2884 4033 Bonin·

426 4091 640 4153 segne,
680 4071 761 4132 de
802 4071 1102 4150 dampnis
1143 4069 1335 4132 factis
1378 4069 1618 4131 Iacobo
1658 4070 1990 4131 occasione
2032 4070 2384 4148 potestarie
2425 4068 2506 4129 de
2547 4066 2735 4140 Colle,
2767 4087 2884 4147 pro

427 4168 662 4248 quibus
702 4167 1071 4228 Sinibaldus
1110 4167 1424 4228 Tancredi
1465 4167 1548 4228 de
1591 4165 1891 4227 Certaldo
1946 4170 2238 4244 potestas
2292 4170 2362 4226 et
2416 4184 2755 4227 commune
2803 4165 2886 4227 de

426 4267 598 4329 Colle
640 4274 825 4327 crant
865 4264 1203 4326 exbanniti
1232 4286 1272 4326 a
1297 4265 1623 4325 communi
1652 4264 1844 4335 Flor„
1873 4270 1941 4323 et
1968 4263 2373 4342 postularent
2409 4262 2884 4324 ambaziatores

428 4366 873 4445 prestantiam,
917 4364 1087 4424 unde
1129 4364 1471 4424 satisfieret
1510 4361 1771 4434 Iacobo,
1816 4380 1963 4421 cum
2005 4360 2218 4423 nullus
2259 4361 2420 4422 civis
2468 4360 2638 4423 Flor.
2682 4361 2885 4439 possit

579 4590 618 4655 Ι)
658 4590 832 4640 Notar-
853 4589 1100 4641 Mioaaol
1123 4588 1334 4649 kommt,
1361 4590 1542 4639 amonis
1564 4588 1653 4639 id·
1676 4588 1812 4648 eche,
1837 4589 1902 4638 in
1934 4588 2267 4639 Vocem-ana·
2297 4586 2463 4638 Urkk.
2489 4588 2590 4638 soit
2615 4588 2754 4638 1213
2777 4602 2884 4638 vor.

430 4682 477 4744 ετ)
511 4679 633 4730 Aue
667 4679 787 4730 dua
822 4679 1010 4730 Home
1048 4678 1403 4743 Paparcocln':
1440 4677 1584 4728 uidae
1621 4678 1751 4730 iiber
1786 4677 1886 4728 {Im
1909 4677 2263 4740 Greqoroviuae
2288 4675 2588 4727 Gmkdduo
2619 4673 2884 4728 dev-Sta&

430 4770 566 4819 Rom
602 4769 679 4819 im
714 4767 1027 4819 Mindalter
1070 4768 1115 4818 V
1158 4770 1272 4818 187.
1311 4767 1538 4818 Sontini
1574 4768 1700 4819 Doc.
1739 4783 1865 4830 pay.
1903 4766 2062 4819 LXI.

650 4946 715 4996 12
