4000 5700
1110 500 1223 553 mo
1758 500 2203 554 REGESTUM
2240 500 2927 555 VOLATERRANUM

1112 695 1289 754 mino
1316 693 1657 771 persolute.
1743 695 1909 754 Acta
1950 713 2148 773 prope
2189 694 2433 756 Senas
2415 714 2482 754 m
2508 700 2812 757 contrata
2836 714 2883 756 s,
2915 695 3250 757 Fiediani
3231 716 3296 757 m
3327 696 3580 776 palatio

1113 790 1418 851 Ricovari
1436 791 1858 868 Buonaguide
1886 791 1953 851 di
1980 793 2287 854 Zimarro.
2371 792 2714 854 Lantelmo
2740 793 2948 855 iudice
2974 793 3056 854 de
3077 793 3278 856 Senis.
3303 794 3580 854 Alberto

1107 887 1387 968 plebano
1427 889 1509 950 de
1565 889 1882 950 Gerfaloo.
1926 890 2218 970 Ardingo
2265 890 2475 951 iudioe
2513 888 2598 951 de
2637 890 2814 952 Vult.
2859 892 3118 952 Herveo
3169 910 3312 952 ean.
3365 891 3575 952 Vene-

1108 989 1296 1047 tensi.
1354 986 1593 1050 Iaoobo
1648 987 1987 1048 Albertini.
2033 988 2344 1067 Vigoroso
2395 987 2626 1068 Artigi.
2685 989 2972 1051 Gerar-do
3028 989 3242 1070 Biguli
3293 989 3374 1050 de
3424 990 3574 1050 Pla-

1106 1084 1343 1145 centia.
1386 1084 1708 1146 Manuello
1750 1084 2034 1147 Orlando
2077 1092 2208 1145 not.
2255 1093 2333 1147 tt.
2433 1085 2769 1159 MCCLVI,
2813 1086 2946 1148 ind.
2991 1086 3137 1161 XV,
3179 1088 3390 1149 XIIII
3435 1087 3569 1147 kal.

1105 1201 1255 1242 nov.
1338 1181 1835 1244 Ildebrandinus
1873 1184 1983 1262 qd.
2029 1183 2294 1244 Gerar-di
2335 1203 2384 1245 s.
2427 1185 2583 1263 imp.
2625 1189 2765 1245 not.

1430 1278 1589 1341 Volt.
1636 1279 1877 1343 AVeso.
1920 1302 1971 1341 ε.
2017 1279 2208 1341 XIII
2249 1280 2373 1342 dec.
2419 1281 2459 1342 6
2501 1301 2560 1341 n.
2609 1281 2691 1341 45
2732 1280 2907 1359 Orio.

1100 1507 1239 1569 671.
2698 1512 2915 1585 Simu,
2959 1513 3042 1574 19
3081 1512 3337 1575 Oktober
3373 1515 3563 1575 1256.

1223 1605 1544 1667 Orlandus
1605 1608 2021 1688 Bonsignoris
2078 1614 2148 1670 et
2187 1609 2466 1671 Iacobus
2512 1609 2873 1672 Ranuocini
2927 1630 3046 1689 pro
3099 1612 3405 1672 societate
3445 1632 3562 1673 no-

1101 1710 1237 1765 stra
1278 1708 1345 1764 et
1391 1704 1668 1766 Iacobus
1723 1703 2027 1766 Rainaldi
2080 1712 2150 1767 et
2201 1707 2648 1768 Christofonus
2701 1706 3032 1769 Tholomei
3082 1728 3199 1787 pro
3251 1709 3564 1770 societate

1100 1810 1323 1863 nostra
1379 1805 1820 1880 promittimus
1874 1803 2235 1866 Ranerio
2290 1805 2493 1865 electo
2555 1805 2754 1878 Vult„
2813 1806 2988 1884 quod
3047 1806 3128 1866 de
3189 1806 3562 1869 venditione

1101 1899 1596 1962 MMMMMOCL
1642 1919 1838 1962 maro.
1895 1921 2025 1981 arg.
2068 1902 2500 1963 instrumento
2544 1903 2755 1983 Egidii
2798 1903 3154 1965 Guasconis
3193 1904 3374 1965 litem
3425 1925 3564 1965 non

1099 1996 1519 2070 movebimuS‚
1563 1996 1778 2070 salvis,
1820 2017 1949 2077 que
1975 1999 2044 2059 in
2072 2004 2409 2060 contractu
2447 2002 2915 2080 prorogationis
2940 2001 3131 2062 hodie
3157 2001 3335 2063 facto
3358 2021 3560 2063 manu

1100 2093 1540 2156 Ildebrandini
1581 2101 1716 2156 not.
1762 2100 1831 2157 et
1874 2101 2213 2158 contractu
2257 2097 2448 2158 hodie
2495 2118 2608 2176 per
2654 2098 3075 2160 Lambertum
3122 2099 3302 2161 facto
3353 2102 3559 2161 conti-

1094 2199 1352 2253 nentur.
1385 2191 1524 2252 Hec
1549 2190 1843 2267 facimus,
1872 2193 2027 2273 quia
2053 2194 2295 2255 electus
2316 2195 2585 2256 similem
2609 2196 3149 2257 renuntiationem
3173 2197 3360 2259 nobis
3379 2197 3554 2258 fecit.

1096 2292 1262 2351 Acta
1289 2309 1489 2369 prope
1518 2292 1718 2353 Senas
1744 2292 1810 2351 in
1838 2297 2140 2353 contrata
2181 2313 2229 2354 s.
2276 2292 2563 2354 Fiediani
2607 2295 2671 2354 in
2716 2295 2960 2373 palatio
3004 2296 3301 2356 Ricoveri
3345 2296 3554 2356 Bona-

1095 2388 1287 2469 guide
1327 2389 1408 2450 de
1451 2390 1755 2451 Zimarro.
1840 2390 2184 2451 Lantelmo
2226 2392 2435 2452 iudice
2477 2392 2558 2453 de
2599 2392 2798 2453 Senis.
2844 2391 3112 2453 Alberto
3159 2392 3432 2471 plebano
3472 2393 3556 2453 de

1095 2486 1407 2547 Ger-falco,
1455 2486 1741 2567 Ardingo
1771 2488 1977 2549 iudice
2006 2489 2088 2550 de
2116 2488 2443 2550 vulterris.
2475 2488 2735 2550 Her-veo
2761 2509 2901 2550 ean.
2927 2490 3288 2551 Venetensi.
3313 2490 3554 2551 Iacobo

1096 2582 1429 2644 Alberlini.
1475 2584 1784 2662 Vigoroeo
1827 2585 2057 2665 Arrigi.
2104 2585 2389 2647 Gerardo
2431 2587 2640 2665 Biguli
2672 2586 2754 2647 de
2795 2586 3144 2648 Placentia.
3189 2588 3552 2650 Manovello

1094 2680 1359 2743 Orlandi
1387 2690 1467 2743 tt.
1552 2681 1890 2754 MCCLVI,
1935 2683 2069 2745 ind.
2105 2683 2244 2751 XV,
2278 2683 2490 2746 XIIII
2517 2684 2642 2744 kal.
2680 2704 2830 2745 nov.
2917 2685 3410 2747 Ildebrandinus
3437 2687 3547 2766 qd.

1094 2779 1362 2840 Gerardi
1402 2785 1538 2843 not.

1420 2879 1581 2940 Volt.
1629 2879 1863 2940 AVesc.
1907 2899 1958 2939 8.
2006 2879 2195 2941 XIII
2236 2881 2360 2941 dec.
2406 2882 2445 2942 6
2486 2902 2549 2941 η.
2597 2880 2676 2940 43
2717 2880 2889 2959 Oriq.

1091 3147 1228 3208 672
2235 3147 2372 3207 San
2416 3147 2815 3224 Gimiqnano,
2859 3149 2940 3209 17
2981 3148 3321 3209 November
3360 3148 3542 3209 1256.

1208 3242 1544 3315 MCCLVI,
1588 3245 1718 3305 ind.
1762 3244 1906 3318 XV,
1950 3243 2076 3304 XV
2118 3245 2246 3305 kal.
2290 3243 2426 3305 dcc.
2512 3245 2832 3305 Iohannes
2873 3245 3186 3325 plebanus
3226 3246 3308 3307 de
3347 3246 3543 3324 Ripa·

1089 3342 1447 3401 mat-rancia
1466 3347 1842 3419 procurator
1872 3343 2214 3403 Rancrii
2238 3342 2423 3404 electi
2454 3343 2629 3405 Vult.
2661 3344 3091 3403 instrumento
3118 3342 3543 3417 Ild(ebrandi)

1087 3443 1221 3498 not.
1265 3437 1374 3515 qd.
1419 3437 1729 3499 thrardi
1782 3448 1850 3500 et
1906 3439 2217 3500 Paltonus
2258 3441 2362 3518 qd.
2409 3442 2789 3502 Melioranze
2842 3446 2908 3501 et
2963 3440 3277 3501 Schiavus
3317 3441 3456 3501 eius
3495 3441 3540 3502 f.

1087 3554 1308 3596 omnes
1350 3535 1493 3595 lites
1533 3537 1861 3597 occasione
1900 3537 2268 3598 CCXXVII
2313 3538 2419 3600 lib.
2473 3540 2643 3609 den„
2701 3559 2863 3617 quos
2917 3537 3260 3599 Rainerius
3312 3537 3397 3599 ab
3453 3542 3542 3598 eis

1087 3633 1354 3712 petebat
1375 3634 1591 3695 dicens
1613 3653 1721 3694 eos
1752 3638 2008 3697 nomine
2035 3656 2376 3698 usurarum
2403 3637 2702 3698 habuisse
2729 3640 2903 3716 ipsos
2929 3637 3012 3698 ab
3033 3657 3129 3711 e0,
3154 3645 3222 3698 ct
3243 3638 3539 3698 XXXVI

1083 3732 1192 3792 lib.
1237 3732 1381 3792 den.
1428 3731 1576 3805 Pis„
1621 3750 1781 3809 quos
1824 3734 1947 3811 ipsi
1988 3733 2303 3812 petebant
2344 3733 2427 3795 ab
2469 3735 2673 3797 electo
2713 3754 2831 3814 pro
2872 3734 3080 3813 pretio
3132 3734 3302 3815 equi,
3346 3754 3537 3814 quem

1083 3831 1143 3890 ei
1171 3829 1601 3890 vendiderunt
1625 3832 1689 3903 ¹),
1722 3834 2303 3909 compromiserunt
2331 3833 2397 3893 in
2428 3834 2696 3895 Lottum
2717 3833 2827 3912 qd.
2861 3833 3102 3905 Abounis,
3130 3838 3198 3893 et
3227 3832 3538 3893 Schiavus

1085 3927 1378 4006 promisit
1418 3927 1558 3988 illos
1598 3927 1740 3988 den.
1787 3934 1854 3989 et
1896 3950 2026 3989 non
2067 3930 2212 4008 plus
2251 3930 2476 3993 tollere
2518 3951 2557 3990 a
2605 3930 3085 3992 fideiussoribus
3126 3929 3412 3991 Rainerii
3451 3932 3535 3989 ci-

1083 4026 1271 4086 vibus*
1296 4027 1516 4087 Sancti
1537 4025 1918 4087 Geminiani.
1996 4029 2141 4087 Act.
2167 4030 2233 4089 in
2248 4028 2488 4090 Sancto
2504 4029 2881 4091 Geminiano
2903 4030 2970 4088 in
2990 4028 3186 4089 domo
3206 4029 3532 4105 fil(iorum)

1081 4123 1189 4201 qd.
1218 4123 1432 4183 Pellai.
1521 4122 1757 4183 Iacobo
1787 4124 1891 4201 qd.
1920 4124 2359 4201 Ildtebrandi).
2394 4126 2756 4186 Richovero
2783 4132 2915 4186 not.
2948 4123 3189 4185 Iacobo
3216 4124 3324 4202 qd.
3359 4125 3534 4187 Mon-

1081 4221 1358 4282 tancolli.
1405 4221 1686 4282 Parenzo
1729 4222 1833 4301 qd.
1882 4223 2290 4283 Benintendi.
2337 4224 2821 4284 Lambertuccio
2864 4223 2968 4302 qd.
3018 4223 3187 4283 Petri
3233 4229 3310 4283 tt.
3410 4224 3534 4283 Bo·

1080 4319 1385 4397 ninsegna
1427 4337 1475 4377 s,
1521 4319 1671 4396 imp.
1716 4326 1847 4380 not.

1408 4415 1564 4475 Volt.
1610 4417 1664 4474 A
1683 4414 1847 4475 Vesc.
1892 4437 1942 4475 8.
1988 4415 2177 4475 XIII
2206 4416 2330 4478 dec.
2364 4418 2403 4477 6
2431 4438 2493 4477 η.
2526 4419 2605 4478 46
2635 4418 2805 4495 Oriq.

1222 4625 1263 4685 ¹)
1311 4614 1450 4673 t’ber
1485 4624 1628 4672 diosc
1668 4625 2044 4686 Bezae'ehunqen
2079 4625 2223 4675 siche
2261 4642 2313 4677 π.
2357 4630 2475 4678 635.
2517 4629 2637 4677 666.
2669 4627 2770 4678 ΕΤ.)
2801 4627 2910 4676 und
2954 4643 2978 4673 α
3003 4627 3213 4676 Bistam
3239 4627 3353 4674 und
3379 4626 3529 4676 Geld-

1077 4714 1405 4773 wirlsckalt»
1446 4715 1511 4762 II
1550 4715 1670 4762 301.
