<?xml version="1.0" encoding="UTF-8"?>
<!DOCTYPE html PUBLIC "-//W3C//DTD XHTML 1.0 Transitional//EN"
    "http://www.w3.org/TR/xhtml1/DTD/xhtml1-transitional.dtd">
<html xmlns="http://www.w3.org/1999/xhtml" xml:lang="en" lang="en">
 <head>
  <title>
</title>
<meta http-equiv="Content-Type" content="text/html;charset=utf-8" />
  <meta name='ocr-system' content='tesseract 3.04.00' />
  <meta name='ocr-capabilities' content='ocr_page ocr_carea ocr_par ocr_line ocrx_word'/>
</head>
<body>
  <div class='ocr_page' id='page_1' title='image "./regestumvolater01schngoog_0381.png"; bbox 0 0 4000 5700; ppageno 0'>
   <div class='ocr_carea' id='block_1_1' title="bbox 1117 558 2932 621">
    <p class='ocr_par' dir='ltr' id='par_1_1' title="bbox 1117 558 2932 621">
     <span class='ocr_line' id='line_1_1' title="bbox 1117 558 2932 621; baseline 0.003 -8"><span class='ocrx_word' id='word_1_1' title='bbox 1117 560 1280 614; x_wconf 80' lang='lat' dir='ltr'>REG</span> <span class='ocrx_word' id='word_1_2' title='bbox 1291 558 1560 615; x_wconf 80' lang='lat' dir='ltr'>ESTUM</span> <span class='ocrx_word' id='word_1_3' title='bbox 1599 562 1706 617; x_wconf 92' lang='lat' dir='ltr'>VO</span> <span class='ocrx_word' id='word_1_4' title='bbox 1715 562 1923 616; x_wconf 82' lang='lat' dir='ltr'><strong>LATE</strong></span> <span class='ocrx_word' id='word_1_5' title='bbox 1932 563 2291 618; x_wconf 82' lang='lat' dir='ltr'><strong>RRANUM</strong></span> <span class='ocrx_word' id='word_1_6' title='bbox 2826 566 2932 621; x_wconf 78' lang='lat'>291</span> 
     </span>
    </p>
   </div>
   <div class='ocr_carea' id='block_1_2' title="bbox 470 754 2935 1033">
    <p class='ocr_par' dir='ltr' id='par_1_2' title="bbox 470 754 2935 1033">
     <span class='ocr_line' id='line_1_2' title="bbox 471 754 2935 837; baseline 0.003 -20"><span class='ocrx_word' id='word_1_7' title='bbox 471 756 698 817; x_wconf 88' lang='lat' dir='ltr'>Iannis</span> <span class='ocrx_word' id='word_1_8' title='bbox 737 755 820 816; x_wconf 95' lang='lat' dir='ltr'>de</span> <span class='ocrx_word' id='word_1_9' title='bbox 857 754 1357 818; x_wconf 78' lang='lat' dir='ltr'>Gavaloantibus</span> <span class='ocrx_word' id='word_1_10' title='bbox 1396 755 1645 817; x_wconf 83' lang='lat' dir='ltr'>oivibus</span> <span class='ocrx_word' id='word_1_11' title='bbox 1686 757 1852 819; x_wconf 87' lang='lat' dir='ltr'>Flor.</span> <span class='ocrx_word' id='word_1_12' title='bbox 1895 758 2331 837; x_wconf 85' lang='lat' dir='ltr'>represalliam</span> <span class='ocrx_word' id='word_1_13' title='bbox 2388 766 2614 821; x_wconf 84' lang='lat' dir='ltr'>contra</span> <span class='ocrx_word' id='word_1_14' title='bbox 2663 780 2935 824; x_wconf 87' lang='lat' dir='ltr'>comune</span> 
     </span>
     <span class='ocr_line' id='line_1_3' title="bbox 470 852 2931 937; baseline 0.003 -24"><span class='ocrx_word' id='word_1_15' title='bbox 470 856 544 913; x_wconf 88' lang='lat' dir='ltr'>et</span> <span class='ocrx_word' id='word_1_16' title='bbox 584 852 877 915; x_wconf 90' lang='lat' dir='ltr'>homines</span> <span class='ocrx_word' id='word_1_17' title='bbox 918 854 999 914; x_wconf 89' lang='lat' dir='ltr'>de</span> <span class='ocrx_word' id='word_1_18' title='bbox 1038 852 1213 914; x_wconf 91' lang='lat' dir='ltr'>Vult.</span> <span class='ocrx_word' id='word_1_19' title='bbox 1259 872 1462 932; x_wconf 88' lang='lat' dir='ltr'>usque</span> <span class='ocrx_word' id='word_1_20' title='bbox 1488 853 1574 915; x_wconf 87' lang='lat' dir='ltr'>ad</span> <span class='ocrx_word' id='word_1_21' title='bbox 1601 854 1670 914; x_wconf 88' lang='lat' dir='ltr'>M</span> <span class='ocrx_word' id='word_1_22' title='bbox 1708 853 1815 915; x_wconf 87' lang='lat' dir='ltr'>lib.</span> <span class='ocrx_word' id='word_1_23' title='bbox 1862 854 2052 928; x_wconf 84' lang='lat' dir='ltr'>Flor.;</span> <span class='ocrx_word' id='word_1_24' title='bbox 2098 855 2433 918; x_wconf 87' lang='lat' dir='ltr'>fideiussor</span> <span class='ocrx_word' id='word_1_25' title='bbox 2475 857 2626 919; x_wconf 87' lang='lat' dir='ltr'>Geri</span> <span class='ocrx_word' id='word_1_26' title='bbox 2665 857 2770 937; x_wconf 90' lang='lat' dir='ltr'>qd.</span> <span class='ocrx_word' id='word_1_27' title='bbox 2815 860 2931 920; x_wconf 86' lang='lat' dir='ltr'>Te·</span> 
     </span>
     <span class='ocr_line' id='line_1_4' title="bbox 471 950 2929 1033; baseline 0.003 -23"><span class='ocrx_word' id='word_1_28' title='bbox 471 951 674 1029; x_wconf 81' lang='lat' dir='ltr'>gherii</span> <span class='ocrx_word' id='word_1_29' title='bbox 736 950 1097 1012; x_wconf 87' lang='lat' dir='ltr'>Giamberti</span> <span class='ocrx_word' id='word_1_30' title='bbox 1156 950 1238 1011; x_wconf 90' lang='lat' dir='ltr'>de</span> <span class='ocrx_word' id='word_1_31' title='bbox 1292 950 1810 1013; x_wconf 75' lang='lat' dir='ltr'>Gavaloantibus.</span> <span class='ocrx_word' id='word_1_32' title='bbox 1913 952 2054 1014; x_wconf 90' lang='lat' dir='ltr'>Aot.</span> <span class='ocrx_word' id='word_1_33' title='bbox 2124 954 2195 1014; x_wconf 91' lang='lat' dir='ltr'>in</span> <span class='ocrx_word' id='word_1_34' title='bbox 2250 955 2376 1033; x_wconf 89' lang='lat' dir='ltr'>pal.</span> <span class='ocrx_word' id='word_1_35' title='bbox 2432 956 2722 1016; x_wconf 81' lang='lat' dir='ltr'>comunis</span> <span class='ocrx_word' id='word_1_36' title='bbox 2764 957 2929 1018; x_wconf 87' lang='lat' dir='ltr'>Flor.</span> 
     </span>
    </p>
   </div>
   <div class='ocr_carea' id='block_1_3' title="bbox 345 1044 2932 1122">
    <p class='ocr_par' dir='ltr' id='par_1_3' title="bbox 345 1044 2932 1122">
     <span class='ocr_line' id='line_1_5' title="bbox 345 1044 2932 1122; baseline 0.002 -13"><span class='ocrx_word' id='word_1_37' title='bbox 345 1044 349 1048; x_wconf 69' lang='grc'><strong>’</strong></span> <span class='ocrx_word' id='word_1_38' title='bbox 473 1047 1019 1121; x_wconf 85' lang='lat' dir='ltr'>MCCLXXVIII,</span> <span class='ocrx_word' id='word_1_39' title='bbox 1064 1048 1191 1109; x_wconf 90' lang='lat' dir='ltr'>ind.</span> <span class='ocrx_word' id='word_1_40' title='bbox 1235 1048 1349 1122; x_wconf 92' lang='lat' dir='ltr'>VI,</span> <span class='ocrx_word' id='word_1_41' title='bbox 1395 1048 1533 1110; x_wconf 89' lang='lat' dir='ltr'>XII</span> <span class='ocrx_word' id='word_1_42' title='bbox 1575 1050 1752 1111; x_wconf 88' lang='lat' dir='ltr'>iunii.</span> <span class='ocrx_word' id='word_1_43' title='bbox 1838 1049 2095 1112; x_wconf 82' lang='lat' dir='ltr'>Andrea</span> <span class='ocrx_word' id='word_1_44' title='bbox 2135 1057 2204 1112; x_wconf 90' lang='lat' dir='ltr'>et</span> <span class='ocrx_word' id='word_1_45' title='bbox 2247 1052 2587 1115; x_wconf 80' lang='lat' dir='ltr'>Salamone</span> <span class='ocrx_word' id='word_1_46' title='bbox 2616 1053 2932 1115; x_wconf 88' lang='lat' dir='ltr'>iudioibus</span> 
     </span>
    </p>
   </div>
   <div class='ocr_carea' id='block_1_4' title="bbox 471 1144 2931 1307">
    <p class='ocr_par' dir='ltr' id='par_1_4' title="bbox 471 1144 2931 1307">
     <span class='ocr_line' id='line_1_6' title="bbox 477 1144 2931 1227; baseline 0.002 -20"><span class='ocrx_word' id='word_1_47' title='bbox 477 1144 713 1207; x_wconf 83' lang='lat' dir='ltr'>vicarii.</span> <span class='ocrx_word' id='word_1_48' title='bbox 772 1145 1060 1207; x_wconf 79' lang='lat' dir='ltr'>Iohanne</span> <span class='ocrx_word' id='word_1_49' title='bbox 1102 1147 1184 1207; x_wconf 89' lang='lat' dir='ltr'>de</span> <span class='ocrx_word' id='word_1_50' title='bbox 1238 1145 1531 1207; x_wconf 79' lang='lat' dir='ltr'>Viterbio</span> <span class='ocrx_word' id='word_1_51' title='bbox 1585 1153 1719 1208; x_wconf 91' lang='lat' dir='ltr'>not.</span> <span class='ocrx_word' id='word_1_52' title='bbox 1765 1148 1964 1227; x_wconf 91' lang='lat' dir='ltr'>ipsius</span> <span class='ocrx_word' id='word_1_53' title='bbox 2007 1154 2086 1209; x_wconf 93' lang='lat' dir='ltr'>tt.</span> <span class='ocrx_word' id='word_1_54' title='bbox 2172 1150 2533 1211; x_wconf 77' lang='lat' dir='ltr'>Bonaiutus</span> <span class='ocrx_word' id='word_1_55' title='bbox 2587 1150 2931 1213; x_wconf 82' lang='lat' dir='ltr'>Dietisalvi</span> 
     </span>
     <span class='ocr_line' id='line_1_7' title="bbox 471 1244 1910 1307; baseline 0.002 -4"><span class='ocrx_word' id='word_1_56' title='bbox 471 1249 607 1304; x_wconf 85' lang='lat' dir='ltr'>not.</span> <span class='ocrx_word' id='word_1_57' title='bbox 650 1263 730 1303; x_wconf 84' lang='lat' dir='ltr'>ex</span> <span class='ocrx_word' id='word_1_58' title='bbox 771 1244 934 1304; x_wconf 86' lang='lat' dir='ltr'>actis</span> <span class='ocrx_word' id='word_1_59' title='bbox 974 1249 1043 1303; x_wconf 90' lang='lat' dir='ltr'>et</span> <span class='ocrx_word' id='word_1_60' title='bbox 1083 1244 1566 1305; x_wconf 84' lang='lat' dir='ltr'>stantiamentis</span> <span class='ocrx_word' id='word_1_61' title='bbox 1606 1246 1910 1307; x_wconf 86' lang='lat' dir='ltr'>comunis.</span> 
     </span>
    </p>
   </div>
   <div class='ocr_carea' id='block_1_5' title="bbox 790 1340 2019 1422">
    <p class='ocr_par' dir='ltr' id='par_1_5' title="bbox 790 1340 2019 1422">
     <span class='ocr_line' id='line_1_8' title="bbox 790 1340 2019 1422; baseline 0.002 -21"><span class='ocrx_word' id='word_1_62' title='bbox 790 1341 1055 1403; x_wconf 71' lang='lat' dir='ltr'>Florem</span> <span class='ocrx_word' id='word_1_63' title='bbox 1096 1340 1248 1403; x_wconf 75' lang='lat' dir='ltr'>Ast.</span> <span class='ocrx_word' id='word_1_64' title='bbox 1294 1342 1482 1418; x_wconf 81' lang='lat' dir='ltr'>(Volt.</span> <span class='ocrx_word' id='word_1_65' title='bbox 1527 1362 1591 1402; x_wconf 78' lang='lat' dir='ltr'>n.</span> <span class='ocrx_word' id='word_1_66' title='bbox 1634 1342 1822 1421; x_wconf 84' lang='grc'><strong>1037)</strong></span> <span class='ocrx_word' id='word_1_67' title='bbox 1866 1341 2019 1422; x_wconf 73' lang='lat' dir='ltr'>cop.</span> 
     </span>
    </p>
   </div>
   <div class='ocr_carea' id='block_1_6' title="bbox 472 1545 2925 1620">
    <p class='ocr_par' dir='ltr' id='par_1_6' title="bbox 472 1545 2925 1620">
     <span class='ocr_line' id='line_1_9' title="bbox 472 1545 2925 1620; baseline 0.002 -15"><span class='ocrx_word' id='word_1_68' title='bbox 472 1545 614 1606; x_wconf 84' lang='lat'><strong>862.</strong></span> <span class='ocrx_word' id='word_1_69' title='bbox 2081 1547 2376 1620; x_wconf 55' lang='lat' dir='ltr'>Veliam,</span> <span class='ocrx_word' id='word_1_70' title='bbox 2417 1549 2496 1609; x_wconf 91' lang='grc'><strong>21</strong></span> <span class='ocrx_word' id='word_1_71' title='bbox 2536 1549 2706 1610; x_wconf 79' lang='lat' dir='ltr'>Jum&#39;</span> <span class='ocrx_word' id='word_1_72' title='bbox 2745 1550 2925 1611; x_wconf 94' lang='grc'><strong>1278.</strong></span> 
     </span>
    </p>
   </div>
   <div class='ocr_carea' id='block_1_7' title="bbox 467 1642 2929 2214">
    <p class='ocr_par' dir='ltr' id='par_1_7' title="bbox 467 1642 2929 2214">
     <span class='ocr_line' id='line_1_10' title="bbox 591 1642 2929 1727; baseline 0.003 -24"><span class='ocrx_word' id='word_1_73' title='bbox 591 1642 1136 1716; x_wconf 86' lang='lat' dir='ltr'>MOCLXXVIII,</span> <span class='ocrx_word' id='word_1_74' title='bbox 1179 1644 1311 1705; x_wconf 89' lang='lat' dir='ltr'>ind.</span> <span class='ocrx_word' id='word_1_75' title='bbox 1358 1643 1471 1717; x_wconf 90' lang='lat' dir='ltr'>VI,</span> <span class='ocrx_word' id='word_1_76' title='bbox 1512 1644 1617 1705; x_wconf 89' lang='lat' dir='ltr'>die</span> <span class='ocrx_word' id='word_1_77' title='bbox 1646 1643 1864 1705; x_wconf 88' lang='lat' dir='ltr'>XXI</span> <span class='ocrx_word' id='word_1_78' title='bbox 1845 1663 1975 1706; x_wconf 77' lang='lat' dir='ltr'>lun.</span> <span class='ocrx_word' id='word_1_79' title='bbox 2058 1644 2206 1707; x_wconf 85' lang='lat' dir='ltr'>Aet.</span> <span class='ocrx_word' id='word_1_80' title='bbox 2235 1645 2548 1707; x_wconf 79' lang='lat' dir='ltr'>Vulterris</span> <span class='ocrx_word' id='word_1_81' title='bbox 2590 1648 2655 1706; x_wconf 86' lang='lat' dir='ltr'>in</span> <span class='ocrx_word' id='word_1_82' title='bbox 2682 1648 2929 1727; x_wconf 84' lang='lat' dir='ltr'>palatio</span> 
     </span>
     <span class='ocr_line' id='line_1_11' title="bbox 469 1740 2923 1825; baseline 0.002 -23"><span class='ocrx_word' id='word_1_83' title='bbox 469 1761 569 1820; x_wconf 91' lang='lat' dir='ltr'>ep.</span> <span class='ocrx_word' id='word_1_84' title='bbox 653 1740 1007 1803; x_wconf 84' lang='lat' dir='ltr'>Guiduooio</span> <span class='ocrx_word' id='word_1_85' title='bbox 1047 1740 1366 1802; x_wconf 85' lang='lat' dir='ltr'>Guidonis</span> <span class='ocrx_word' id='word_1_86' title='bbox 1394 1743 1474 1804; x_wconf 92' lang='lat' dir='ltr'>de</span> <span class='ocrx_word' id='word_1_87' title='bbox 1502 1741 1832 1804; x_wconf 82' lang='lat' dir='ltr'>Ubertinis</span> <span class='ocrx_word' id='word_1_88' title='bbox 1859 1748 1928 1803; x_wconf 91' lang='lat' dir='ltr'>et</span> <span class='ocrx_word' id='word_1_89' title='bbox 1957 1743 2186 1823; x_wconf 85' lang='lat' dir='ltr'>Arrigo</span> <span class='ocrx_word' id='word_1_90' title='bbox 2214 1743 2554 1821; x_wconf 79' lang='lat' dir='ltr'>plebanos.</span> <span class='ocrx_word' id='word_1_91' title='bbox 2587 1744 2816 1825; x_wconf 83' lang='lat' dir='ltr'>Reguli</span> <span class='ocrx_word' id='word_1_92' title='bbox 2845 1753 2923 1808; x_wconf 87' lang='lat' dir='ltr'>tt.</span> 
     </span>
     <span class='ocr_line' id='line_1_12' title="bbox 472 1839 2923 1921; baseline 0.002 -21"><span class='ocrx_word' id='word_1_93' title='bbox 472 1839 830 1919; x_wconf 85' lang='lat' dir='ltr'>Rayneri</span> <span class='ocrx_word' id='word_1_94' title='bbox 848 1859 891 1900; x_wconf 91' lang='lat' dir='ltr'>u</span> <span class='ocrx_word' id='word_1_95' title='bbox 908 1858 937 1899; x_wconf 89' lang='lat' dir='ltr'>s</span> <span class='ocrx_word' id='word_1_96' title='bbox 965 1859 1062 1918; x_wconf 92' lang='lat' dir='ltr'>ep.</span> <span class='ocrx_word' id='word_1_97' title='bbox 1107 1839 1287 1901; x_wconf 84' lang='lat' dir='ltr'><strong>Vult.</strong></span> <span class='ocrx_word' id='word_1_98' title='bbox 1321 1840 1561 1902; x_wconf 85' lang='lat' dir='ltr'>locavit</span> <span class='ocrx_word' id='word_1_99' title='bbox 1587 1839 1774 1901; x_wconf 85' lang='lat' dir='ltr'>Oolto</span> <span class='ocrx_word' id='word_1_100' title='bbox 1801 1840 2119 1901; x_wconf 88' lang='lat' dir='ltr'>Albertini</span> <span class='ocrx_word' id='word_1_101' title='bbox 2145 1841 2226 1902; x_wconf 85' lang='lat' dir='ltr'>de</span> <span class='ocrx_word' id='word_1_102' title='bbox 2253 1840 2636 1903; x_wconf 88' lang='lat' dir='ltr'>Serrazzano</span> <span class='ocrx_word' id='word_1_103' title='bbox 2677 1846 2923 1921; x_wconf 83' lang='lat' dir='ltr'>petium</span> 
     </span>
     <span class='ocr_line' id='line_1_13' title="bbox 467 1934 2924 2020; baseline 0.001 -22"><span class='ocrx_word' id='word_1_104' title='bbox 467 1939 592 1999; x_wconf 87' lang='lat' dir='ltr'>sub</span> <span class='ocrx_word' id='word_1_105' title='bbox 633 1934 900 1998; x_wconf 84' lang='lat' dir='ltr'>castello</span> <span class='ocrx_word' id='word_1_106' title='bbox 939 1938 1006 1997; x_wconf 89' lang='lat' dir='ltr'>in</span> <span class='ocrx_word' id='word_1_107' title='bbox 1047 1938 1244 2017; x_wconf 82' lang='lat' dir='ltr'>vigna</span> <span class='ocrx_word' id='word_1_108' title='bbox 1282 1936 1454 1999; x_wconf 86' lang='lat' dir='ltr'>Sassi</span> <span class='ocrx_word' id='word_1_109' title='bbox 1498 1937 1686 1998; x_wconf 83' lang='lat' dir='ltr'>iuxta</span> <span class='ocrx_word' id='word_1_110' title='bbox 1725 1936 2107 2000; x_wconf 85' lang='lat' dir='ltr'>Guittonem</span> <span class='ocrx_word' id='word_1_111' title='bbox 2162 1945 2295 1999; x_wconf 88' lang='lat' dir='ltr'>not</span> <span class='ocrx_word' id='word_1_112' title='bbox 2354 1946 2420 2000; x_wconf 86' lang='lat' dir='ltr'>et</span> <span class='ocrx_word' id='word_1_113' title='bbox 2475 1938 2750 2002; x_wconf 81' lang='lat' dir='ltr'>Ciaffum</span> <span class='ocrx_word' id='word_1_114' title='bbox 2807 1960 2924 2020; x_wconf 92' lang='lat' dir='ltr'>pro</span> 
     </span>
     <span class='ocr_line' id='line_1_14' title="bbox 469 2032 2924 2116; baseline 0.002 -21"><span class='ocrx_word' id='word_1_115' title='bbox 469 2052 642 2113; x_wconf 87' lang='lat' dir='ltr'>pens.</span> <span class='ocrx_word' id='word_1_116' title='bbox 688 2032 782 2094; x_wconf 86' lang='lat' dir='ltr'>VI</span> <span class='ocrx_word' id='word_1_117' title='bbox 823 2033 965 2095; x_wconf 91' lang='lat' dir='ltr'>den.</span> <span class='ocrx_word' id='word_1_118' title='bbox 1011 2034 1157 2107; x_wconf 86' lang='lat' dir='ltr'>Pis.;</span> <span class='ocrx_word' id='word_1_119' title='bbox 1203 2054 1344 2114; x_wconf 88' lang='lat' dir='ltr'>pen.</span> <span class='ocrx_word' id='word_1_120' title='bbox 1390 2034 1525 2095; x_wconf 90' lang='lat' dir='ltr'>XX</span> <span class='ocrx_word' id='word_1_121' title='bbox 1566 2033 1678 2095; x_wconf 92' lang='lat' dir='ltr'>sol.</span> <span class='ocrx_word' id='word_1_122' title='bbox 1735 2034 1878 2095; x_wconf 90' lang='lat' dir='ltr'>den.</span> <span class='ocrx_word' id='word_1_123' title='bbox 1936 2035 2061 2096; x_wconf 81' lang='lat' dir='ltr'>Pis.</span> <span class='ocrx_word' id='word_1_124' title='bbox 2146 2035 2509 2116; x_wconf 85' lang='lat' dir='ltr'>Raynerius</span> <span class='ocrx_word' id='word_1_125' title='bbox 2551 2036 2655 2116; x_wconf 84' lang='lat' dir='ltr'>qd.</span> <span class='ocrx_word' id='word_1_126' title='bbox 2702 2037 2924 2099; x_wconf 85' lang='lat' dir='ltr'>Iacobi</span> 
     </span>
     <span class='ocr_line' id='line_1_15' title="bbox 467 2130 2778 2214; baseline 0.001 -22"><span class='ocrx_word' id='word_1_127' title='bbox 467 2132 664 2193; x_wconf 86' lang='lat' dir='ltr'>iudex</span> <span class='ocrx_word' id='word_1_128' title='bbox 704 2132 838 2192; x_wconf 93' lang='lat' dir='ltr'>ord.</span> <span class='ocrx_word' id='word_1_129' title='bbox 882 2151 963 2192; x_wconf 83' lang='lat' dir='ltr'>ex</span> <span class='ocrx_word' id='word_1_130' title='bbox 1002 2130 1475 2193; x_wconf 80' lang='lat' dir='ltr'>abbreviaturis</span> <span class='ocrx_word' id='word_1_131' title='bbox 1518 2131 1737 2193; x_wconf 84' lang='lat' dir='ltr'>Iaoobi</span> <span class='ocrx_word' id='word_1_132' title='bbox 1780 2137 1912 2193; x_wconf 90' lang='lat' dir='ltr'>not.</span> <span class='ocrx_word' id='word_1_133' title='bbox 1959 2131 2065 2214; x_wconf 88' lang='lat' dir='ltr'>qd.</span> <span class='ocrx_word' id='word_1_134' title='bbox 2111 2131 2352 2195; x_wconf 83' lang='lat' dir='ltr'>Posohe</span> <span class='ocrx_word' id='word_1_135' title='bbox 2394 2135 2595 2213; x_wconf 80' lang='lat' dir='ltr'>patris</span> <span class='ocrx_word' id='word_1_136' title='bbox 2639 2137 2778 2196; x_wconf 87' lang='lat' dir='ltr'>mei.</span> 
     </span>
    </p>
   </div>
   <div class='ocr_carea' id='block_1_8' title="bbox 795 2227 2238 2308">
    <p class='ocr_par' dir='ltr' id='par_1_8' title="bbox 795 2227 2238 2308">
     <span class='ocr_line' id='line_1_16' title="bbox 795 2227 2238 2308; baseline 0.001 -17"><span class='ocrx_word' id='word_1_137' title='bbox 795 2229 948 2291; x_wconf 81' lang='lat' dir='ltr'>Volt.</span> <span class='ocrx_word' id='word_1_138' title='bbox 992 2228 1231 2291; x_wconf 71' lang='lat' dir='ltr'>AVex.</span> <span class='ocrx_word' id='word_1_139' title='bbox 1273 2248 1323 2291; x_wconf 75' lang='grc'>0.</span> <span class='ocrx_word' id='word_1_140' title='bbox 1367 2227 1558 2290; x_wconf 85' lang='lat' dir='ltr'>XIII</span> <span class='ocrx_word' id='word_1_141' title='bbox 1595 2229 1718 2290; x_wconf 79' lang='lat' dir='ltr'>dec.</span> <span class='ocrx_word' id='word_1_142' title='bbox 1762 2229 1803 2290; x_wconf 82' lang='lat'><em>8</em></span> <span class='ocrx_word' id='word_1_143' title='bbox 1840 2249 1902 2290; x_wconf 82' lang='lat' dir='ltr'>n.</span> <span class='ocrx_word' id='word_1_144' title='bbox 1947 2229 2030 2291; x_wconf 87' lang='grc'>67</span> <span class='ocrx_word' id='word_1_145' title='bbox 2069 2230 2238 2308; x_wconf 72' lang='lat' dir='ltr'>Oriq.</span> 
     </span>
    </p>
   </div>
   <div class='ocr_carea' id='block_1_9' title="bbox 459 2433 2921 3489">
    <p class='ocr_par' dir='ltr' id='par_1_9' title="bbox 467 2433 2919 2513">
     <span class='ocr_line' id='line_1_17' title="bbox 467 2433 2919 2513; baseline 0.002 -17"><span class='ocrx_word' id='word_1_146' title='bbox 467 2435 604 2496; x_wconf 83' lang='lat'><strong>863.</strong></span> <span class='ocrx_word' id='word_1_147' title='bbox 1305 2433 1803 2496; x_wconf 74' lang='lat' dir='ltr'>Mentaccianioo</span> <span class='ocrx_word' id='word_1_148' title='bbox 1837 2435 1934 2496; x_wconf 77' lang='lat' dir='ltr'>im</span> <span class='ocrx_word' id='word_1_149' title='bbox 1975 2435 2281 2513; x_wconf 57' lang='lat' dir='ltr'>Muqellm</span> <span class='ocrx_word' id='word_1_150' title='bbox 2324 2437 2406 2498; x_wconf 88' lang='lat'>20</span> <span class='ocrx_word' id='word_1_151' title='bbox 2446 2436 2702 2499; x_wconf 78' lang='lat' dir='ltr'>Oktober</span> <span class='ocrx_word' id='word_1_152' title='bbox 2739 2438 2919 2500; x_wconf 90' lang='grc'><strong>1278.</strong></span> 
     </span>
    </p>

    <p class='ocr_par' dir='ltr' id='par_1_10' title="bbox 459 2530 2921 3392">
     <span class='ocr_line' id='line_1_18' title="bbox 586 2530 2921 2613; baseline 0.003 -20"><span class='ocrx_word' id='word_1_153' title='bbox 586 2530 1134 2603; x_wconf 83' lang='lat' dir='ltr'>MCCLXXVIIL</span> <span class='ocrx_word' id='word_1_154' title='bbox 1176 2531 1306 2594; x_wconf 92' lang='lat' dir='ltr'>VII</span> <span class='ocrx_word' id='word_1_155' title='bbox 1350 2532 1503 2605; x_wconf 62' lang='lat' dir='ltr'>ind„</span> <span class='ocrx_word' id='word_1_156' title='bbox 1548 2531 1682 2592; x_wconf 91' lang='lat' dir='ltr'>XX</span> <span class='ocrx_word' id='word_1_157' title='bbox 1723 2539 1850 2593; x_wconf 84' lang='lat' dir='ltr'>oot.</span> <span class='ocrx_word' id='word_1_158' title='bbox 1936 2533 2088 2594; x_wconf 90' lang='lat' dir='ltr'>Neri</span> <span class='ocrx_word' id='word_1_159' title='bbox 2118 2533 2221 2610; x_wconf 90' lang='lat' dir='ltr'>qd.</span> <span class='ocrx_word' id='word_1_160' title='bbox 2253 2535 2406 2596; x_wconf 85' lang='lat' dir='ltr'>Neri</span> <span class='ocrx_word' id='word_1_161' title='bbox 2436 2534 2738 2597; x_wconf 87' lang='lat' dir='ltr'>Picoolini</span> <span class='ocrx_word' id='word_1_162' title='bbox 2766 2537 2921 2613; x_wconf 89' lang='lat' dir='ltr'>¹)de</span> 
     </span>
     <span class='ocr_line' id='line_1_19' title="bbox 465 2628 2917 2714; baseline 0.002 -23"><span class='ocrx_word' id='word_1_163' title='bbox 465 2628 730 2691; x_wconf 76' lang='lat' dir='ltr'>Ubertis</span> <span class='ocrx_word' id='word_1_164' title='bbox 769 2648 889 2707; x_wconf 90' lang='lat' dir='ltr'>pro</span> <span class='ocrx_word' id='word_1_165' title='bbox 927 2628 1199 2690; x_wconf 87' lang='lat' dir='ltr'>dimidia</span> <span class='ocrx_word' id='word_1_166' title='bbox 1240 2636 1425 2708; x_wconf 82' lang='lat' dir='ltr'>parte</span> <span class='ocrx_word' id='word_1_167' title='bbox 1465 2628 1647 2689; x_wconf 85' lang='lat' dir='ltr'>heres</span> <span class='ocrx_word' id='word_1_168' title='bbox 1687 2629 1891 2708; x_wconf 84' lang='lat' dir='ltr'>patris</span> <span class='ocrx_word' id='word_1_169' title='bbox 1932 2636 2001 2691; x_wconf 90' lang='lat' dir='ltr'>et</span> <span class='ocrx_word' id='word_1_170' title='bbox 2041 2649 2160 2709; x_wconf 88' lang='lat' dir='ltr'>pro</span> <span class='ocrx_word' id='word_1_171' title='bbox 2213 2630 2340 2691; x_wconf 85' lang='lat' dir='ltr'>alia</span> <span class='ocrx_word' id='word_1_172' title='bbox 2394 2631 2698 2698; x_wconf 88' lang='lat' dir='ltr'>Farinate</span> <span class='ocrx_word' id='word_1_173' title='bbox 2720 2634 2767 2711; x_wconf 90' lang='lat'>¹)</span> <span class='ocrx_word' id='word_1_174' title='bbox 2812 2633 2917 2714; x_wconf 90' lang='lat' dir='ltr'>qd.</span> 
     </span>
     <span class='ocr_line' id='line_1_20' title="bbox 463 2724 2918 2808; baseline 0.002 -21"><span class='ocrx_word' id='word_1_175' title='bbox 463 2726 683 2788; x_wconf 84' lang='lat' dir='ltr'>fratris</span> <span class='ocrx_word' id='word_1_176' title='bbox 722 2727 922 2805; x_wconf 88' lang='lat' dir='ltr'>ipsius</span> <span class='ocrx_word' id='word_1_177' title='bbox 962 2726 1303 2787; x_wconf 81' lang='lat' dir='ltr'>constituit</span> <span class='ocrx_word' id='word_1_178' title='bbox 1343 2724 1695 2788; x_wconf 84' lang='lat' dir='ltr'>Guerinum</span> <span class='ocrx_word' id='word_1_179' title='bbox 1725 2726 1832 2807; x_wconf 90' lang='lat' dir='ltr'>qd.</span> <span class='ocrx_word' id='word_1_180' title='bbox 1862 2727 2231 2789; x_wconf 86' lang='lat' dir='ltr'>Dominiehi</span> <span class='ocrx_word' id='word_1_181' title='bbox 2258 2727 2591 2791; x_wconf 86' lang='lat' dir='ltr'>absentem</span> <span class='ocrx_word' id='word_1_182' title='bbox 2620 2749 2918 2808; x_wconf 85' lang='lat' dir='ltr'>prooura-</span> 
     </span>
     <span class='ocr_line' id='line_1_21' title="bbox 463 2823 2921 2909; baseline 0.002 -24"><span class='ocrx_word' id='word_1_183' title='bbox 463 2830 672 2885; x_wconf 90' lang='lat' dir='ltr'>torem</span> <span class='ocrx_word' id='word_1_184' title='bbox 716 2824 800 2887; x_wconf 83' lang='lat' dir='ltr'>ad</span> <span class='ocrx_word' id='word_1_185' title='bbox 840 2824 1128 2887; x_wconf 90' lang='lat' dir='ltr'>dandum</span> <span class='ocrx_word' id='word_1_186' title='bbox 1169 2823 1587 2904; x_wconf 82' lang='lat' dir='ltr'>Raynerio</span> <span class='ocrx_word' id='word_1_187' title='bbox 1624 2843 1725 2904; x_wconf 86' lang='lat' dir='ltr'>ep.</span> <span class='ocrx_word' id='word_1_188' title='bbox 1771 2824 1946 2887; x_wconf 89' lang='lat' dir='ltr'>Vult.</span> <span class='ocrx_word' id='word_1_189' title='bbox 1989 2825 2156 2888; x_wconf 88' lang='lat' dir='ltr'>duos</span> <span class='ocrx_word' id='word_1_190' title='bbox 2209 2825 2481 2889; x_wconf 89' lang='lat' dir='ltr'>florenos</span> <span class='ocrx_word' id='word_1_191' title='bbox 2535 2847 2760 2890; x_wconf 85' lang='lat' dir='ltr'>aureos</span> <span class='ocrx_word' id='word_1_192' title='bbox 2802 2848 2921 2909; x_wconf 92' lang='lat' dir='ltr'>pro</span> 
     </span>
     <span class='ocr_line' id='line_1_22' title="bbox 465 2921 2916 3004; baseline 0.002 -21"><span class='ocrx_word' id='word_1_193' title='bbox 465 2923 769 3002; x_wconf 79' lang='lat' dir='ltr'>pensione</span> <span class='ocrx_word' id='word_1_194' title='bbox 810 2921 1007 2983; x_wconf 82' lang='lat' dir='ltr'>trium</span> <span class='ocrx_word' id='word_1_195' title='bbox 1054 2941 1388 2994; x_wconf 83' lang='lat' dir='ltr'>annorum,</span> <span class='ocrx_word' id='word_1_196' title='bbox 1434 2922 1676 2983; x_wconf 86' lang='lat' dir='ltr'>seilioet</span> <span class='ocrx_word' id='word_1_197' title='bbox 1716 2922 1880 2983; x_wconf 91' lang='lat' dir='ltr'>med.</span> <span class='ocrx_word' id='word_1_198' title='bbox 1913 2922 2137 2984; x_wconf 86' lang='lat' dir='ltr'>floreni</span> <span class='ocrx_word' id='word_1_199' title='bbox 2164 2925 2527 2998; x_wconf 75' lang='lat' dir='ltr'><strong>annuatim,</strong></span> <span class='ocrx_word' id='word_1_200' title='bbox 2558 2944 2675 3004; x_wconf 83' lang='lat' dir='ltr'>pro</span> <span class='ocrx_word' id='word_1_201' title='bbox 2702 2934 2916 2988; x_wconf 83' lang='lat' dir='ltr'>castro</span> 
     </span>
     <span class='ocr_line' id='line_1_23' title="bbox 459 3017 2919 3104; baseline 0.002 -24"><span class='ocrx_word' id='word_1_202' title='bbox 459 3019 543 3080; x_wconf 92' lang='lat' dir='ltr'>de</span> <span class='ocrx_word' id='word_1_203' title='bbox 583 3019 969 3092; x_wconf 87' lang='lat' dir='ltr'>Pulieoiano,</span> <span class='ocrx_word' id='word_1_204' title='bbox 1014 3026 1080 3080; x_wconf 89' lang='lat' dir='ltr'>et</span> <span class='ocrx_word' id='word_1_205' title='bbox 1121 3020 1175 3081; x_wconf 89' lang='lat' dir='ltr'>si</span> <span class='ocrx_word' id='word_1_206' title='bbox 1217 3019 1362 3098; x_wconf 89' lang='lat' dir='ltr'>plus</span> <span class='ocrx_word' id='word_1_207' title='bbox 1405 3017 1509 3080; x_wconf 86' lang='lat' dir='ltr'>vel</span> <span class='ocrx_word' id='word_1_208' title='bbox 1550 3021 1761 3081; x_wconf 88' lang='lat' dir='ltr'>minus</span> <span class='ocrx_word' id='word_1_209' title='bbox 1801 3026 1988 3094; x_wconf 79' lang='lat' dir='ltr'>esset,</span> <span class='ocrx_word' id='word_1_210' title='bbox 2032 3027 2099 3081; x_wconf 92' lang='lat' dir='ltr'>et</span> <span class='ocrx_word' id='word_1_211' title='bbox 2140 3021 2228 3081; x_wconf 86' lang='lat' dir='ltr'>ad</span> <span class='ocrx_word' id='word_1_212' title='bbox 2267 3020 2486 3083; x_wconf 88' lang='lat' dir='ltr'>danda</span> <span class='ocrx_word' id='word_1_213' title='bbox 2525 3023 2762 3096; x_wconf 86' lang='lat' dir='ltr'>omnia,</span> <span class='ocrx_word' id='word_1_214' title='bbox 2793 3043 2919 3104; x_wconf 90' lang='lat' dir='ltr'>que</span> 
     </span>
     <span class='ocr_line' id='line_1_24' title="bbox 463 3115 2918 3196; baseline 0.002 -18"><span class='ocrx_word' id='word_1_215' title='bbox 463 3116 745 3178; x_wconf 75' lang='lat' dir='ltr'><strong>deberet.</strong></span> <span class='ocrx_word' id='word_1_216' title='bbox 830 3117 999 3178; x_wconf 82' lang='lat' dir='ltr'>Aeta</span> <span class='ocrx_word' id='word_1_217' title='bbox 1038 3115 1474 3196; x_wconf 71' lang='lat' dir='ltr'>sollempniter</span> <span class='ocrx_word' id='word_1_218' title='bbox 1514 3119 1583 3177; x_wconf 88' lang='lat' dir='ltr'>in</span> <span class='ocrx_word' id='word_1_219' title='bbox 1623 3125 1837 3179; x_wconf 80' lang='lat' dir='ltr'>castro</span> <span class='ocrx_word' id='word_1_220' title='bbox 1868 3118 2415 3179; x_wconf 84' lang='lat' dir='ltr'>Montaceianiohi.</span> <span class='ocrx_word' id='word_1_221' title='bbox 2501 3119 2918 3184; x_wconf 77' lang='lat' dir='ltr'>Caurennello</span> 
     </span>
     <span class='ocr_line' id='line_1_25' title="bbox 460 3213 2914 3296; baseline 0.001 -19"><span class='ocrx_word' id='word_1_222' title='bbox 460 3214 787 3277; x_wconf 91' lang='lat' dir='ltr'>Ubaldini.</span> <span class='ocrx_word' id='word_1_223' title='bbox 830 3214 1180 3276; x_wconf 83' lang='lat' dir='ltr'>Tomasino</span> <span class='ocrx_word' id='word_1_224' title='bbox 1218 3214 1528 3294; x_wconf 87' lang='lat' dir='ltr'>Raynerii</span> <span class='ocrx_word' id='word_1_225' title='bbox 1556 3214 1637 3276; x_wconf 88' lang='lat' dir='ltr'>de</span> <span class='ocrx_word' id='word_1_226' title='bbox 1664 3213 1999 3296; x_wconf 82' lang='lat' dir='ltr'>Gaghano.</span> <span class='ocrx_word' id='word_1_227' title='bbox 2031 3215 2218 3278; x_wconf 84' lang='lat' dir='ltr'>Gallo</span> <span class='ocrx_word' id='word_1_228' title='bbox 2243 3234 2345 3278; x_wconf 78' lang='lat' dir='ltr'>ser</span> <span class='ocrx_word' id='word_1_229' title='bbox 2372 3216 2622 3279; x_wconf 83' lang='lat' dir='ltr'>Giliotti</span> <span class='ocrx_word' id='word_1_230' title='bbox 2660 3219 2741 3281; x_wconf 91' lang='lat' dir='ltr'>de</span> <span class='ocrx_word' id='word_1_231' title='bbox 2770 3221 2914 3283; x_wconf 85' lang='lat' dir='ltr'>Car·</span> 
     </span>
     <span class='ocr_line' id='line_1_26' title="bbox 462 3311 2485 3392; baseline 0.001 -19"><span class='ocrx_word' id='word_1_232' title='bbox 462 3313 836 3392; x_wconf 83' lang='lat' dir='ltr'>mingniano</span> <span class='ocrx_word' id='word_1_233' title='bbox 876 3318 955 3374; x_wconf 90' lang='lat' dir='ltr'>tt.</span> <span class='ocrx_word' id='word_1_234' title='bbox 1039 3311 1253 3375; x_wconf 84' lang='lat' dir='ltr'>Guido</span> <span class='ocrx_word' id='word_1_235' title='bbox 1294 3312 1627 3374; x_wconf 76' lang='lat' dir='ltr'>Ronaochj</span> <span class='ocrx_word' id='word_1_236' title='bbox 1666 3313 1749 3374; x_wconf 89' lang='lat' dir='ltr'>de</span> <span class='ocrx_word' id='word_1_237' title='bbox 1789 3314 1966 3376; x_wconf 84' lang='lat' dir='ltr'>Luoo</span> <span class='ocrx_word' id='word_1_238' title='bbox 2007 3314 2203 3376; x_wconf 84' lang='lat' dir='ltr'>iudex</span> <span class='ocrx_word' id='word_1_239' title='bbox 2243 3324 2311 3376; x_wconf 87' lang='lat' dir='ltr'>et</span> <span class='ocrx_word' id='word_1_240' title='bbox 2354 3323 2485 3377; x_wconf 83' lang='lat' dir='ltr'>not.</span> 
     </span>
    </p>

    <p class='ocr_par' dir='ltr' id='par_1_11' title="bbox 786 3409 2217 3489">
     <span class='ocr_line' id='line_1_27' title="bbox 786 3409 2217 3489; baseline 0.001 -16"><span class='ocrx_word' id='word_1_241' title='bbox 786 3409 947 3473; x_wconf 75' lang='lat' dir='ltr'>Volt.</span> <span class='ocrx_word' id='word_1_242' title='bbox 991 3410 1232 3472; x_wconf 72' lang='lat' dir='ltr'>AVeso.</span> <span class='ocrx_word' id='word_1_243' title='bbox 1275 3429 1327 3471; x_wconf 78' lang='lat' dir='ltr'>s.</span> <span class='ocrx_word' id='word_1_244' title='bbox 1369 3409 1558 3471; x_wconf 83' lang='lat' dir='ltr'>XIII</span> <span class='ocrx_word' id='word_1_245' title='bbox 1601 3409 1773 3489; x_wconf 80' lang='lat' dir='ltr'>App.</span> <span class='ocrx_word' id='word_1_246' title='bbox 1815 3430 1879 3471; x_wconf 73' lang='grc' dir='ltr'><strong>π.</strong></span> <span class='ocrx_word' id='word_1_247' title='bbox 1921 3411 2006 3474; x_wconf 88' lang='grc'><strong>12</strong></span> <span class='ocrx_word' id='word_1_248' title='bbox 2046 3412 2217 3489; x_wconf 71' lang='lat' dir='ltr'>Oria.</span> 
     </span>
    </p>
   </div>
   <div class='ocr_carea' id='block_1_10' title="bbox 452 3595 2915 4358">
    <p class='ocr_par' dir='ltr' id='par_1_12' title="bbox 452 3595 2915 4358">
     <span class='ocr_line' id='line_1_28' title="bbox 459 3595 2913 3670; baseline 0.004 -18"><span class='ocrx_word' id='word_1_249' title='bbox 459 3598 597 3658; x_wconf 82' lang='grc'><strong>864.</strong></span> <span class='ocrx_word' id='word_1_250' title='bbox 1916 3595 2210 3670; x_wconf 78' lang='lat' dir='ltr'>Volterra,</span> <span class='ocrx_word' id='word_1_251' title='bbox 2251 3595 2334 3658; x_wconf 86' lang='lat'>23</span> <span class='ocrx_word' id='word_1_252' title='bbox 2375 3597 2694 3658; x_wconf 71' lang='lat' dir='ltr'>Dezember</span> <span class='ocrx_word' id='word_1_253' title='bbox 2731 3598 2913 3660; x_wconf 90' lang='grc'><strong>1278.</strong></span> 
     </span>
     <span class='ocr_line' id='line_1_29' title="bbox 578 3691 2911 3773; baseline 0.001 -19"><span class='ocrx_word' id='word_1_254' title='bbox 578 3691 1124 3763; x_wconf 81' lang='lat' dir='ltr'>MOCLXXVIII,</span> <span class='ocrx_word' id='word_1_255' title='bbox 1165 3693 1296 3754; x_wconf 92' lang='lat' dir='ltr'>ind.</span> <span class='ocrx_word' id='word_1_256' title='bbox 1341 3692 1491 3764; x_wconf 88' lang='lat' dir='ltr'>VII,</span> <span class='ocrx_word' id='word_1_257' title='bbox 1537 3692 1781 3753; x_wconf 90' lang='lat' dir='ltr'>XXIII</span> <span class='ocrx_word' id='word_1_258' title='bbox 1821 3692 1956 3754; x_wconf 82' lang='lat' dir='ltr'>deo.</span> <span class='ocrx_word' id='word_1_259' title='bbox 2043 3693 2338 3755; x_wconf 83' lang='lat' dir='ltr'>Schiatta</span> <span class='ocrx_word' id='word_1_260' title='bbox 2380 3699 2672 3773; x_wconf 79' lang='lat' dir='ltr'>potestas</span> <span class='ocrx_word' id='word_1_261' title='bbox 2716 3695 2911 3768; x_wconf 65' lang='lat' dir='ltr'>Vult„</span> 
     </span>
     <span class='ocr_line' id='line_1_30' title="bbox 456 3787 2914 3871; baseline 0.001 -19"><span class='ocrx_word' id='word_1_262' title='bbox 456 3791 733 3864; x_wconf 73' lang='lat' dir='ltr'>amiani,</span> <span class='ocrx_word' id='word_1_263' title='bbox 776 3787 1116 3851; x_wconf 79' lang='lat' dir='ltr'>consiliarii</span> <span class='ocrx_word' id='word_1_264' title='bbox 1154 3789 1445 3851; x_wconf 79' lang='lat' dir='ltr'>feoerunt</span> <span class='ocrx_word' id='word_1_265' title='bbox 1486 3789 1903 3871; x_wconf 76' lang='lat' dir='ltr'>Frederigum</span> <span class='ocrx_word' id='word_1_266' title='bbox 1943 3791 2052 3869; x_wconf 91' lang='lat' dir='ltr'>qd.</span> <span class='ocrx_word' id='word_1_267' title='bbox 2097 3790 2342 3853; x_wconf 81' lang='lat' dir='ltr'>Ruffoli</span> <span class='ocrx_word' id='word_1_268' title='bbox 2382 3791 2463 3853; x_wconf 93' lang='lat' dir='ltr'>de</span> <span class='ocrx_word' id='word_1_269' title='bbox 2504 3792 2676 3853; x_wconf 86' lang='lat' dir='ltr'>Vult.</span> <span class='ocrx_word' id='word_1_270' title='bbox 2721 3793 2914 3856; x_wconf 89' lang='lat' dir='ltr'>sindi-</span> 
     </span>
     <span class='ocr_line' id='line_1_31' title="bbox 459 3885 2913 3968; baseline 0.002 -18"><span class='ocrx_word' id='word_1_271' title='bbox 459 3908 607 3951; x_wconf 83' lang='lat' dir='ltr'>cum</span> <span class='ocrx_word' id='word_1_272' title='bbox 635 3888 721 3949; x_wconf 88' lang='lat' dir='ltr'>ad</span> <span class='ocrx_word' id='word_1_273' title='bbox 748 3885 1250 3965; x_wconf 78' lang='lat' dir='ltr'>comparendum</span> <span class='ocrx_word' id='word_1_274' title='bbox 1278 3906 1494 3948; x_wconf 85' lang='lat' dir='ltr'>eoram</span> <span class='ocrx_word' id='word_1_275' title='bbox 1526 3888 1830 3950; x_wconf 89' lang='lat' dir='ltr'>Raneri</span> <span class='ocrx_word' id='word_1_276' title='bbox 1847 3907 1886 3949; x_wconf 94' lang='grc'><strong>0</strong></span> <span class='ocrx_word' id='word_1_277' title='bbox 1912 3908 2014 3968; x_wconf 91' lang='lat' dir='ltr'>ep.</span> <span class='ocrx_word' id='word_1_278' title='bbox 2044 3887 2223 3949; x_wconf 89' lang='lat' dir='ltr'>Vult.</span> <span class='ocrx_word' id='word_1_279' title='bbox 2254 3895 2320 3949; x_wconf 87' lang='lat' dir='ltr'>et</span> <span class='ocrx_word' id='word_1_280' title='bbox 2348 3891 2705 3968; x_wconf 86' lang='lat' dir='ltr'>parendum</span> <span class='ocrx_word' id='word_1_281' title='bbox 2734 3910 2913 3955; x_wconf 89' lang='lat' dir='ltr'>man·</span> 
     </span>
     <span class='ocr_line' id='line_1_32' title="bbox 454 3983 2912 4068; baseline 0.001 -20"><span class='ocrx_word' id='word_1_282' title='bbox 454 3987 629 4048; x_wconf 89' lang='lat' dir='ltr'>datis</span> <span class='ocrx_word' id='word_1_283' title='bbox 670 3987 804 4047; x_wconf 90' lang='lat' dir='ltr'>eius</span> <span class='ocrx_word' id='word_1_284' title='bbox 846 4004 962 4064; x_wconf 89' lang='lat' dir='ltr'>pro</span> <span class='ocrx_word' id='word_1_285' title='bbox 990 3984 1292 4047; x_wconf 88' lang='lat' dir='ltr'>Romana</span> <span class='ocrx_word' id='word_1_286' title='bbox 1315 3984 1462 4047; x_wconf 89' lang='grc'><strong>0001.</strong></span> <span class='ocrx_word' id='word_1_287' title='bbox 1496 3987 1824 4048; x_wconf 77' lang='lat' dir='ltr'>occasione</span> <span class='ocrx_word' id='word_1_288' title='bbox 1852 3983 2329 4058; x_wconf 83' lang='lat' dir='ltr'>violentiarum,</span> <span class='ocrx_word' id='word_1_289' title='bbox 2356 3987 2912 4068; x_wconf 82' lang='lat' dir='ltr'>depredationum,</span> 
     </span>
     <span class='ocr_line' id='line_1_33' title="bbox 457 4081 2915 4163; baseline 0.001 -19"><span class='ocrx_word' id='word_1_290' title='bbox 457 4083 804 4154; x_wconf 77' lang='lat' dir='ltr'>ruinarum.</span> <span class='ocrx_word' id='word_1_291' title='bbox 849 4100 975 4161; x_wconf 87' lang='lat' dir='ltr'>que</span> <span class='ocrx_word' id='word_1_292' title='bbox 1015 4081 1398 4145; x_wconf 76' lang='lat' dir='ltr'>dicebantur</span> <span class='ocrx_word' id='word_1_293' title='bbox 1436 4083 1773 4145; x_wconf 86' lang='lat' dir='ltr'>oommisse</span> <span class='ocrx_word' id='word_1_294' title='bbox 1813 4103 1927 4163; x_wconf 87' lang='lat' dir='ltr'>per</span> <span class='ocrx_word' id='word_1_295' title='bbox 1966 4103 2238 4147; x_wconf 79' lang='lat' dir='ltr'>comune</span> <span class='ocrx_word' id='word_1_296' title='bbox 2272 4091 2339 4145; x_wconf 76' lang='lat' dir='ltr'>et</span> <span class='ocrx_word' id='word_1_297' title='bbox 2367 4085 2502 4146; x_wconf 88' lang='lat' dir='ltr'>eius</span> <span class='ocrx_word' id='word_1_298' title='bbox 2531 4084 2820 4147; x_wconf 89' lang='lat' dir='ltr'>homines</span> <span class='ocrx_word' id='word_1_299' title='bbox 2848 4087 2915 4147; x_wconf 89' lang='lat' dir='ltr'>in</span> 
     </span>
     <span class='ocr_line' id='line_1_34' title="bbox 455 4179 2915 4263; baseline 0.001 -22"><span class='ocrx_word' id='word_1_300' title='bbox 455 4180 706 4261; x_wconf 89' lang='lat' dir='ltr'>plebem</span> <span class='ocrx_word' id='word_1_301' title='bbox 751 4180 993 4242; x_wconf 87' lang='lat' dir='ltr'>Montis</span> <span class='ocrx_word' id='word_1_302' title='bbox 1034 4179 1314 4242; x_wconf 87' lang='lat' dir='ltr'>Vultraii</span> <span class='ocrx_word' id='word_1_303' title='bbox 1344 4186 1409 4240; x_wconf 90' lang='lat' dir='ltr'>et</span> <span class='ocrx_word' id='word_1_304' title='bbox 1441 4181 1510 4241; x_wconf 88' lang='lat' dir='ltr'>in</span> <span class='ocrx_word' id='word_1_305' title='bbox 1536 4180 1686 4242; x_wconf 91' lang='grc'><strong>0001.</strong></span> <span class='ocrx_word' id='word_1_306' title='bbox 1718 4201 1764 4243; x_wconf 89' lang='lat' dir='ltr'>s.</span> <span class='ocrx_word' id='word_1_307' title='bbox 1793 4180 2121 4243; x_wconf 78' lang='lat' dir='ltr'>Michaelis</span> <span class='ocrx_word' id='word_1_308' title='bbox 2147 4182 2520 4244; x_wconf 71' lang='lat' dir='ltr'>immediate</span> <span class='ocrx_word' id='word_1_309' title='bbox 2547 4183 2633 4244; x_wconf 84' lang='lat' dir='ltr'>ad</span> <span class='ocrx_word' id='word_1_310' title='bbox 2661 4183 2915 4263; x_wconf 86' lang='lat' dir='ltr'>plebem</span> 
     </span>
     <span class='ocr_line' id='line_1_35' title="bbox 452 4277 2910 4358; baseline 0 -19"><span class='ocrx_word' id='word_1_311' title='bbox 452 4279 884 4358; x_wconf 82' lang='lat' dir='ltr'>pertinentem</span> <span class='ocrx_word' id='word_1_312' title='bbox 907 4277 978 4354; x_wconf 88' lang='lat'>¹),</span> <span class='ocrx_word' id='word_1_313' title='bbox 1021 4295 1170 4338; x_wconf 84' lang='lat' dir='ltr'>cum</span> <span class='ocrx_word' id='word_1_314' title='bbox 1210 4277 1426 4356; x_wconf 84' lang='lat' dir='ltr'>Ugoni</span> <span class='ocrx_word' id='word_1_315' title='bbox 1467 4279 1791 4358; x_wconf 88' lang='lat' dir='ltr'>preposito</span> <span class='ocrx_word' id='word_1_316' title='bbox 1818 4297 1932 4357; x_wconf 89' lang='lat' dir='ltr'>per</span> <span class='ocrx_word' id='word_1_317' title='bbox 1958 4297 2232 4339; x_wconf 77' lang='lat' dir='ltr'>comune</span> <span class='ocrx_word' id='word_1_318' title='bbox 2258 4277 2453 4339; x_wconf 84' lang='lat' dir='ltr'>fuerit</span> <span class='ocrx_word' id='word_1_319' title='bbox 2482 4278 2910 4342; x_wconf 83' lang='lat' dir='ltr'>satisfactum.</span> 
     </span>
    </p>
   </div>
   <div class='ocr_carea' id='block_1_11' title="bbox 447 4479 2913 4833">
    <p class='ocr_par' dir='ltr' id='par_1_13' title="bbox 447 4479 2913 4833">
     <span class='ocr_line' id='line_1_36' title="bbox 599 4479 2911 4568; baseline 0.002 -16"><span class='ocrx_word' id='word_1_320' title='bbox 599 4504 642 4567; x_wconf 87' lang='lat'>¹)</span> <span class='ocrx_word' id='word_1_321' title='bbox 677 4502 787 4553; x_wconf 65' lang='lat' dir='ltr'>Dar</span> <span class='ocrx_word' id='word_1_322' title='bbox 829 4502 990 4553; x_wconf 63' lang='lat' dir='ltr'>Vasa·-</span> <span class='ocrx_word' id='word_1_323' title='bbox 1023 4502 1152 4552; x_wconf 69' lang='lat' dir='ltr'><strong><em>101&gt;ae</em></strong></span> <span class='ocrx_word' id='word_1_324' title='bbox 1188 4503 1325 4553; x_wconf 64' lang='lat' dir='ltr'>noch</span> <span class='ocrx_word' id='word_1_325' title='bbox 1363 4504 1507 4554; x_wconf 81' lang='lat'><strong><em>1270</em></strong></span> <span class='ocrx_word' id='word_1_326' title='bbox 1547 4479 1770 4568; x_wconf 46' lang='lat' dir='ltr'>Aaou&amp;</span> <span class='ocrx_word' id='word_1_327' title='bbox 1805 4506 1872 4555; x_wconf 83' lang='lat'>31</span> <span class='ocrx_word' id='word_1_328' title='bbox 1917 4504 2259 4566; x_wconf 61' lang='lat' dir='ltr'>(Davianum</span> <span class='ocrx_word' id='word_1_329' title='bbox 2296 4504 2679 4568; x_wconf 65' lang='grc' dir='ltr'>νωωιωηροη</span> <span class='ocrx_word' id='word_1_330' title='bbox 2703 4506 2774 4555; x_wconf 84' lang='lat' dir='ltr'>II</span> <span class='ocrx_word' id='word_1_331' title='bbox 2816 4506 2911 4557; x_wconf 79' lang='lat'>170</span> 
     </span>
     <span class='ocr_line' id='line_1_37' title="bbox 447 4591 2912 4657; baseline 0 -13"><span class='ocrx_word' id='word_1_332' title='bbox 447 4609 507 4644; x_wconf 74' lang='lat' dir='ltr'>n.</span> <span class='ocrx_word' id='word_1_333' title='bbox 549 4594 728 4655; x_wconf 88' lang='lat'><strong>1186).</strong></span> <span class='ocrx_word' id='word_1_334' title='bbox 875 4591 919 4655; x_wconf 78' lang='lat'>⁸)</span> <span class='ocrx_word' id='word_1_335' title='bbox 956 4592 1164 4641; x_wconf 56' lang='lat' dir='ltr'>Dante&amp;</span> <span class='ocrx_word' id='word_1_336' title='bbox 1202 4591 1476 4642; x_wconf 64' lang='lat' dir='ltr'>Farinam</span> <span class='ocrx_word' id='word_1_337' title='bbox 1510 4593 1658 4657; x_wconf 71' lang='lat' dir='ltr'>‹10qu</span> <span class='ocrx_word' id='word_1_338' title='bbox 1701 4593 1899 4650; x_wconf 65' lang='lat' dir='ltr'>Ubus-ti,</span> <span class='ocrx_word' id='word_1_339' title='bbox 1936 4593 2102 4653; x_wconf 60' lang='lat' dir='ltr'>scarb,</span> <span class='ocrx_word' id='word_1_340' title='bbox 2140 4594 2239 4643; x_wconf 67' lang='lat' dir='ltr'>wie</span> <span class='ocrx_word' id='word_1_341' title='bbox 2263 4594 2583 4644; x_wconf 68' lang='lat' dir='ltr'>Davidoohn</span> <span class='ocrx_word' id='word_1_342' title='bbox 2608 4594 2912 4645; x_wconf 66' lang='lat' dir='ltr'>Forodztm·</span> 
     </span>
     <span class='ocr_line' id='line_1_38' title="bbox 450 4680 2913 4747; baseline 0 -15"><span class='ocrx_word' id='word_1_343' title='bbox 450 4699 556 4747; x_wconf 70' lang='lat' dir='ltr'>qen</span> <span class='ocrx_word' id='word_1_344' title='bbox 590 4682 659 4732; x_wconf 94' lang='lat'>11</span> <span class='ocrx_word' id='word_1_345' title='bbox 699 4681 803 4731; x_wconf 81' lang='lat'>126</span> <span class='ocrx_word' id='word_1_346' title='bbox 840 4696 895 4729; x_wconf 78' lang='lat' dir='ltr'>n.</span> <span class='ocrx_word' id='word_1_347' title='bbox 935 4681 1040 4731; x_wconf 86' lang='grc'>889</span> <span class='ocrx_word' id='word_1_348' title='bbox 1078 4681 1221 4731; x_wconf 71' lang='lat' dir='ltr'>nack</span> <span class='ocrx_word' id='word_1_349' title='bbox 1257 4680 1362 4731; x_wconf 79' lang='lat' dir='ltr'>Del</span> <span class='ocrx_word' id='word_1_350' title='bbox 1385 4681 1585 4745; x_wconf 70' lang='lat' dir='ltr'>Inmqo</span> <span class='ocrx_word' id='word_1_351' title='bbox 1623 4682 1774 4732; x_wconf 71' lang='lat' dir='ltr'>Dino</span> <span class='ocrx_word' id='word_1_352' title='bbox 1812 4682 2124 4746; x_wconf 72' lang='lat' dir='ltr'>Gompaqm&#39;</span> <span class='ocrx_word' id='word_1_353' title='bbox 2157 4683 2194 4732; x_wconf 94' lang='lat' dir='ltr'>I</span> <span class='ocrx_word' id='word_1_354' title='bbox 2234 4684 2372 4733; x_wconf 88' lang='lat'><strong><em>1113</em></strong></span> <span class='ocrx_word' id='word_1_355' title='bbox 2424 4699 2477 4732; x_wconf 74' lang='lat' dir='ltr'>n.</span> <span class='ocrx_word' id='word_1_356' title='bbox 2520 4683 2552 4732; x_wconf 88' lang='grc'><strong>2</strong></span> <span class='ocrx_word' id='word_1_357' title='bbox 2593 4697 2760 4746; x_wconf 69' lang='lat' dir='ltr'>qoam</span> <span class='ocrx_word' id='word_1_358' title='bbox 2802 4682 2913 4733; x_wconf 68' lang='lat' dir='ltr'>Vic-</span> 
     </span>
     <span class='ocr_line' id='line_1_39' title="bbox 449 4768 2913 4833; baseline 0.001 -12"><span class='ocrx_word' id='word_1_359' title='bbox 449 4771 573 4822; x_wconf 80' lang='lat' dir='ltr'>Iam‘</span> <span class='ocrx_word' id='word_1_360' title='bbox 606 4768 830 4828; x_wconf 75' lang='lat' dir='ltr'>beweiet,</span> <span class='ocrx_word' id='word_1_361' title='bbox 872 4770 1010 4820; x_wconf 78' lang='lat'><strong><em>1264</em></strong></span> <span class='ocrx_word' id='word_1_362' title='bbox 1048 4769 1216 4833; x_wconf 71' lang='lat' dir='ltr'>April</span> <span class='ocrx_word' id='word_1_363' title='bbox 1253 4772 1337 4820; x_wconf 89' lang='grc'><strong>27.</strong></span> <span class='ocrx_word' id='word_1_364' title='bbox 1505 4770 1548 4833; x_wconf 74' lang='lat'>¹)</span> <span class='ocrx_word' id='word_1_365' title='bbox 1587 4773 1680 4822; x_wconf 80' lang='lat' dir='ltr'>Im</span> <span class='ocrx_word' id='word_1_366' title='bbox 1715 4771 1844 4822; x_wconf 74' lang='lat' dir='ltr'>Juli</span> <span class='ocrx_word' id='word_1_367' title='bbox 1881 4773 2048 4829; x_wconf 53' lang='lat'><strong><em>1262·</em></strong></span> <span class='ocrx_word' id='word_1_368' title='bbox 2086 4771 2229 4821; x_wconf 67' lang='lat' dir='ltr'>ciebo</span> <span class='ocrx_word' id='word_1_369' title='bbox 2266 4771 2398 4821; x_wconf 75' lang='lat' dir='ltr'>oben</span> <span class='ocrx_word' id='word_1_370' title='bbox 2433 4787 2488 4821; x_wconf 76' lang='lat' dir='ltr'>n.</span> <span class='ocrx_word' id='word_1_371' title='bbox 2535 4773 2633 4822; x_wconf 87' lang='grc'>733</span> <span class='ocrx_word' id='word_1_372' title='bbox 2672 4771 2789 4823; x_wconf 70' lang='lat' dir='ltr'>una</span> <span class='ocrx_word' id='word_1_373' title='bbox 2822 4772 2913 4823; x_wconf 73' lang='lat' dir='ltr'>die</span> 
     </span>
    </p>
   </div>
  </div>
 </body>
</html>
