4000 5700
348 534 371 567 0

358 578 367 601 ι

1100 442 1544 499 REGESTUM
1579 445 2270 502 VOLATERRANUM
2806 450 2912 503 169

455 640 755 720 Paganus
795 658 896 719 ep.
939 640 1248 720 Magister
1290 641 1561 702 Pisanus
1601 661 1747 704 can.
1791 642 1998 720 presb.
2045 642 2350 722 Magister
2375 644 2741 705 Brocardus
2770 662 2913 704 can.

455 737 666 819 presb.
713 738 1053 799 Rainerius
1093 758 1232 799 can.
1276 738 1486 817 presb.
1530 740 1929 802 Lanfrancus
1982 761 2127 802 can.
2172 742 2338 803 diac.
2384 744 2723 805 Rainerius
2770 761 2911 802 can.

450 835 622 896 diac.
669 833 1082 897 Ildibrandus
1123 854 1266 894 can.
1309 834 1473 895 diac.
1516 835 1819 914 Paganus
1860 856 1962 916 ep.
2007 857 2088 897 ss.

784 931 944 993 Volt.
992 932 1230 992 AVesc.
1278 932 1450 1010 App.
1494 932 1655 1008 Paq.
1698 934 1739 994 3
1780 934 1953 1010 Oriy.
2003 935 2238 1012 (Sieqel
2283 936 2576 1009 veo-lmen,
2620 942 2744 996 rote
2784 934 2915 996 und

775 1030 940 1107 qdbe
977 1028 1480 1105 Seidenoehnur).

452 1225 595 1289 479.
1931 1229 2334 1302 Pomorum,
2378 1230 2461 1291 20
2500 1230 2609 1289 M
2580 1236 2688 1290 αντ
2727 1230 2912 1291 1231.

470 1376 473 1379 .
574 1324 955 1406 Paganus
1010 1344 1111 1404 ep.
1164 1325 1339 1386 Vult.
1439 1325 1848 1404 Giamf(anti)
1907 1329 2221 1405 potestati
2275 1328 2497 1390 Sancti
2551 1326 2914 1390 Geminiani

453 1422 680 1485 scribit
721 1442 789 1485 se
829 1424 1027 1484 variis
1065 1423 1555 1485 infirmitatibus
1601 1431 2063 1504 pregravatum
2119 1431 2405 1488 castrum
2448 1426 2508 1488 S.
2552 1426 2917 1488 Geminiani

450 1522 540 1583 ab
566 1520 916 1583 interdictu
945 1520 1191 1582 solvere
1215 1540 1349 1582 non
1376 1541 1595 1600 posse;
1640 1523 1753 1583 sed
1782 1524 2253 1585 Bernardinum
2283 1526 2681 1605 prepositum
2715 1524 2914 1603 plebis

454 1619 695 1681 Montis
720 1619 1045 1680 Vulterrai
1073 1627 1551 1698 procuratorem
1578 1641 1767 1681 suum
1795 1640 1914 1682 sua
1934 1627 2001 1680 et
2031 1641 2196 1701 pape
2225 1624 2615 1683 auctoritate
2641 1625 2707 1700 ¹),
2739 1628 2913 1701 post·

451 1737 653 1799 quam
694 1723 985 1796 potestas
1026 1716 1164 1777 XII
1205 1718 1487 1778 stadicos
1528 1726 1595 1779 et
1640 1718 1774 1780 XII
1817 1719 2215 1781 fideiussores
2243 1739 2359 1800 pro
2389 1721 2634 1780 iniuriis
2662 1719 2915 1780 satisfa-

455 1816 697 1878 ciendis
732 1817 798 1877 in
840 1817 980 1878 loco
1019 1817 1251 1877 idoneo
1278 1824 1345 1877 et
1374 1836 1597 1878 securo
1622 1819 1952 1893 locaverit,
1984 1838 2094 1880 eos
2123 1820 2483 1880 soluturum
2528 1839 2681 1880 esse.
2767 1820 2911 1880 Act.

457 1918 524 1977 in
564 1935 818 1977 camera
872 1935 923 1976 s.
969 1915 1194 1997 Angeli
1252 1916 1628 1994 (Michaelis)
1687 1918 1754 1978 in
1811 1918 2344 1996 Ripamarrancia
2444 1937 2658 1979 coram
2703 1917 2912 1996 presb.

452 2014 738 2075 Martino
779 2013 1124 2093 capellano
1156 2012 1361 2091 Spata
1387 2014 1630 2075 clerico.
1669 2015 1952 2077 Ranerio
1995 2015 2256 2076 medico,
2342 2015 2735 2088 Mccxxx,
2781 2017 2912 2077 ind.

457 2112 619 2183 1111,
668 2110 840 2171 XIII
881 2110 1009 2171 kal.
1054 2130 1187 2189 apr.
1273 2111 1647 2172 Bonfiliolus
1688 2119 1824 2174 not.

778 2209 1036 2286 Awuq
1076 2209 1149 2268 in
1191 2229 1254 2268 n.
1299 2208 1436 2270 480.

453 2408 597 2468 480.
1761 2405 1896 2466 San
1939 2406 2341 2483 Gimiqnam,
2385 2407 2463 2468 21
2507 2408 2691 2467 Mdv-z
2732 2408 2911 2469 1231.

580 2503 1017 2565 Bernardinus
1058 2505 1423 2580 prepositus
1452 2502 1692 2563 Montis
1720 2502 2042 2564 Vulterrai
2070 2511 2450 2583 procurator
2477 2506 2786 2585 Pagani
2814 2526 2914 2586 ep

458 2603 636 2665 Vult.
644 2603 919 2681 ²)pergit
946 2600 1028 2661 ad
1058 2599 1369 2660 Sanctum
1399 2598 1850 2660 Geminiannm
1878 2605 1946 2661 et
1973 2603 2246 2680 receptis
2280 2601 2543 2663 stadicis
2569 2608 2635 2663 et
2665 2602 2915 2664 fideius-

459 2700 709 2763 soribus
751 2704 1150 2778 protestatus
1177 2703 1277 2758 est
1305 2718 1372 2757 se
1398 2703 1702 2777 paratum
1730 2717 1866 2758 esse
1893 2705 2287 2776 potestatem
2317 2705 2386 2760 et
2413 2719 2683 2761 comune
2709 2699 2916 2762 absol·

458 2819 632 2872 vere,
678 2804 872 2878 prout
912 2797 1282 2858 continetur
1320 2798 1387 2857 in
1429 2794 1703 2875 epistola
1745 2796 1990 2877 Pagani
2017 2799 2063 2875 ²)
2119 2803 2184 2858 et
2243 2799 2307 2858 in
2364 2802 2672 2878 rescripto
2713 2819 2915 2881 pape;

455 2896 573 2958 sed
612 2901 903 2974 potestas
943 2894 1111 2955 dixit
1151 2914 1218 2954 se
1259 2893 1452 2955 nichil
1494 2894 1576 2954 de
1617 2893 1917 2955 omnibus
1956 2894 2305 2968 facturum,
2337 2898 2457 2957 nisi
2486 2917 2588 2977 ep.
2620 2918 2916 2977 persona·

456 2995 607 3056 liter
647 2993 998 3054 accederet.
1101 2992 1248 3053 Act.
1292 2994 1358 3052 in
1411 2997 1627 3054 castro
1668 2992 1889 3054 Sancti
1946 2993 2306 3055 Geminiani
2353 2998 2418 3055 in
2459 2995 2654 3057 choro
2695 2996 2915 3075 plebis.

457 3092 812 3154 Lamberto
839 3093 1169 3170 preposito
1197 3088 1259 3150 S.
1289 3089 1670 3150 Geminiani.
1702 3089 2024 3150 Rollando
2053 3091 2280 3151 clerico
2311 3092 2516 3170 plebis
2542 3093 2624 3155 de
2652 3095 2917 3156 Kianni.

460 3190 694 3252 Iuncta
723 3196 970 3251 rectore
998 3189 1147 3249 eccl.
1192 3188 1274 3248 de
1318 3187 1559 3258 casale,
1605 3188 1745 3248 aliis
1789 3194 1868 3247 tt.
1954 3187 2348 3260 MCCXXX,
2393 3191 2525 3251 ind.
2574 3191 2734 3262 1111,
2782 3192 2919 3252 XII

457 3289 587 3350 kal.
631 3307 769 3368 apr.
852 3288 1306 3348 Provenzanus
1350 3292 1483 3346 not.

788 3386 948 3448 Volt.
995 3385 1234 3447 AVo-sc.
1279 3403 1331 3444 s.
1375 3383 1567 3444 XIII
1592 3385 1713 3446 dec.
1746 3384 1787 3444 3
1813 3405 1876 3445 n.
1909 3385 1990 3446 29
2018 3385 2191 3463 Oriq.

456 3587 601 3647 481.
1909 3582 1987 3641 M
1989 3581 2396 3652 ontalcmello
2428 3582 2510 3644 23
2547 3584 2596 3644 J
2599 3582 2693 3645 ult
2736 3584 2915 3646 1231.

581 3680 1009 3753 ΜΟΟΧΧΧΙ,
1041 3681 1173 3742 ind.
1204 3678 1366 3752 IIII,
1401 3681 1464 3740 X
1494 3679 1621 3741 kal.
1646 3700 1748 3760 ag.
1835 3679 1968 3741 Nos
2000 3681 2371 3758 Paganus
2401 3680 2578 3743 Vult.
2608 3701 2708 3761 ep.
2741 3703 2918 3745 man·

370 3790 375 3796 '
458 3782 692 3842 damus
737 3779 921 3840 vobis
964 3778 1293 3841 Bernardo
1336 3779 1648 3857 potestati
1702 3783 1769 3838 et
1826 3776 2157 3842 Oldifredo
2211 3781 2562 3842 camerario
2604 3780 2799 3854 Vult„
2843 3788 2920 3842 ut

461 3879 731 3941 solvatis
773 3877 1333 3954 Richamontagne
1373 3876 1553 3955 nepti
1595 3881 1815 3936 nostre
1856 3875 1965 3936 lib.
2011 3874 2077 3947 O,
2122 3895 2284 3954 quas
2334 3876 2491 3937 mihi
2545 3876 2799 3939 debetis
2838 3878 2920 3938 de

461 3976 644 4037 datio
685 3973 747 4034 D
786 3975 918 4046 lib.,
964 3994 1125 4053 quas
1167 3993 1284 4051 pro
1332 3973 1452 4033 hoc
1511 3992 1682 4033 anno
1725 3972 1972 4034 auferre
2015 3972 2264 4034 debetis
2306 3994 2346 4034 a
2386 3977 2614 4035 castris
2661 3977 2921 4036 comuni

462 4096 508 4137 a
544 4073 730 4134 nobis
771 4073 1105 4144 concessis,
1149 4078 1529 4132 revocantes
1570 4073 2321 4143 excommunicationem,
2347 4074 2399 4133 si
2426 4091 2624 4151 quam
2654 4072 2920 4134 tulimus

463 4173 530 4232 in
570 4171 850 4249 presenti
893 4189 1064 4231 anno
1105 4169 1185 4228 de
1228 4168 1420 4230 dictis
1463 4168 1523 4227 D
1564 4168 1674 4229 lib.
1720 4187 1848 4229 non
1904 4166 2271 4228 auferendis
2335 4190 2375 4231 a
2434 4171 2679 4241 castris,
2724 4168 2919 4232 salvis

461 4267 604 4331 aliis
643 4266 1418 4329 excommunicationibus
1459 4272 1688 4326 contra
1727 4283 1842 4325 vos
1883 4269 1949 4324 et
1978 4283 2252 4326 comune
2282 4265 2427 4326 latis
2456 4286 2497 4326 a
2525 4267 2712 4328 nobis
2737 4273 2920 4330 carta

462 4365 805 4427 Bonfilioli.
890 4365 1036 4425 Act.
1082 4364 1255 4443 apud
1300 4362 1765 4425 Montalcinum
1809 4363 1875 4423 in
1929 4365 2107 4422 curia
2161 4382 2260 4441 ep.
2360 4363 2568 4443 Spata
2618 4364 2938 4443 plebano..

606 4582 646 4645 ¹)
684 4580 796 4630 Der
833 4579 1140 4642 Papetbries
1174 4579 1246 4627 ist
1282 4580 1529 4628 ver-loten.
1607 4579 1649 4640 ²⁵)
1675 4578 1833 4627 Siehe
1857 4579 1954 4628 das
1980 4582 2157 4642 voriqe
2185 4580 2389 4643 Περσεῖ,
2415 4580 2573 4630 εοωίε
2598 4580 2917 4635 Βσῡίἀοολη

459 4671 676 4722 For-sch.
714 4668 785 4718 II
825 4670 896 4721 14
932 4685 987 4719 n.
1030 4671 1113 4718 49.
