4000 5700
1157 512 1600 569 REGESTUM
1637 513 2264 569 VOLATERRANU
2265 516 2325 569 M
2866 515 2972 569 les

511 710 648 771 549.
1944 709 2235 779 Volterra,
2282 710 2360 770 16
2400 710 2748 787 September
2786 710 2967 773 1236.

630 804 1120 880 MOCXXXVI,
1164 806 1294 868 ind.
1340 806 1425 878 X,
1472 806 1633 869 XVI
1662 805 1789 867 kal.
1822 812 1947 866 oct.
2036 807 2337 866 Donatus
2366 805 2664 869 Ubertini
2693 806 2774 868 de
2801 806 2966 868 Flor.

512 905 684 966 Vult.
730 909 1039 984 potestas,
1084 904 1419 966 consilium
1462 905 1735 984 speciale
1776 911 1844 965 et
1883 904 2178 984 generale
2220 911 2288 964 et
2329 904 2596 983 quidam
2655 905 2801 966 boni
2859 906 2968 966 ho-

512 1002 713 1062 mines
752 1019 871 1078 pro
911 1002 1171 1061 comuni
1209 1001 1586 1062 iuraverunt
1629 1003 1924 1078 recipere,
1968 1000 2317 1074 dimittere,
2363 1002 2732 1080 permittere
2758 1001 2970 1062 eundo

509 1106 578 1159 et
618 1097 944 1159 redeundo
986 1099 1074 1158 ire
1115 1097 1202 1159 ad
1242 1099 1576 1158 civitatem
1621 1097 2035 1176 Paganum
2077 1098 2253 1159 Vult.
2298 1117 2398 1176 ep.
2458 1117 2604 1159 cum
2661 1100 2848 1159 sociis
2902 1106 2971 1160 et

509 1196 756 1258 familia
796 1203 864 1257 et
906 1197 1319 1257 securitatem
1362 1196 1680 1258 dederunt
1734 1197 2067 1259 occasione
2121 1197 2300 1275 pacis
2352 1197 2677 1270 faciende;
2721 1198 2967 1258 iurave-

511 1300 664 1355 runt
705 1293 842 1355 XII
887 1296 1202 1356 nominati
1244 1294 1585 1356 consiliarii
1626 1295 1870 1356 consilii
1910 1294 2221 1373 specialis,
2266 1294 2544 1357 XXIIII
2587 1296 2829 1357 consilii
2863 1316 2966 1376 ge-

512 1390 759 1466 neralis,
805 1392 1007 1453 XXX
1049 1392 1131 1453 de
1175 1393 1483 1453 adiuncta
1523 1391 1807 1465 consili0,
1851 1391 1921 1452 II
1963 1380 2253 1452 consules
2285 1401 2733 1455 mercatorum.
2824 1393 2966 1455 Act.

510 1492 580 1552 in
619 1490 814 1552 choro
868 1490 1016 1552 eccl.
1061 1511 1110 1551 s.
1170 1491 1369 1551 Marie
1423 1490 1505 1550 de
1562 1490 1736 1552 Vult.
1855 1489 2124 1552 Michele
2180 1492 2508 1570 preposito
2564 1490 2966 1553 Peceiolensi.

512 1589 796 1651 Plebano
822 1589 902 1650 de
930 1589 1220 1650 Fabrica.
1268 1588 1551 1649 Plebano
1592 1589 1671 1649 de
1714 1589 2007 1650 Chianni.
2050 1589 2361 1668 Magistro
2391 1590 2797 1652 Brocchardo
2826 1611 2966 1652 can.

512 1687 688 1749 Vult.
734 1687 946 1748 Presb.
990 1685 1259 1748 Alberto
1299 1686 1380 1748 de
1422 1685 1801 1747 Fatalliano.
1847 1684 2090 1767 Sigei-io
2145 1685 2523 1766 cappellano
2575 1689 2725 1749 eccl.
2770 1709 2819 1748 s.
2866 1690 2965 1750 Io

510 1786 740 1847 hannis
783 1792 860 1847 tt.
947 1787 1400 1847 Provenzanus
1442 1805 1488 1845 s.
1533 1787 1685 1865 imp.
1731 1793 1867 1846 not.

830 1884 1091 1946 Florem
1134 1883 1288 1946 Ast.
1337 1883 1525 1958 (Volt.
1568 1904 1633 1944 n.
1680 1884 1824 1961 420)
1869 1885 2042 1961 Oriq.

512 2146 650 2205 550.
822 2226 827 2231 .
2077 2143 2368 2214 Volterra,
2411 2144 2452 2205 2
2494 2142 2748 2206 Oktober
2787 2144 2966 2207 1236.

630 2244 921 2305 Vicarius
974 2242 1319 2322 potestatis
1374 2248 1443 2303 et
1498 2249 1848 2322 utrumque
1903 2241 2239 2302 consilium
2281 2241 2497 2302 Vult.
2558 2244 2968 2305 constituunt

511 2348 988 2422 procuratorem
1032 2341 1116 2401 ad
1157 2338 1631 2419 procedendum
1676 2359 1889 2400 coram
1946 2344 2274 2417 potestate
2328 2339 2493 2400 Flor.
2539 2339 2619 2401 de
2661 2359 2819 2419 pace
2873 2340 2964 2402 fa-

511 2439 740 2501 cienda
779 2458 928 2500 cum
970 2439 1229 2499 comuni
1271 2437 1536 2501 Sancti
1579 2438 2058 2499 Geminiani.

829 2536 1089 2597 Florem
1132 2536 1283 2597 Ast.
1335 2534 1521 2612 (Volt.
1568 2556 1630 2595 n.
1677 2536 1820 2609 442)
1864 2535 2039 2612 Oriq.
2124 2535 2241 2595 Ed.
2288 2536 2548 2596 Sontini
2589 2536 2738 2597 Doc.
2784 2536 2922 2597 132.

512 2798 649 2857 551.
2180 2792 2363 2863 Rieu,
2413 2794 2448 2853 7
2488 2792 2743 2857 Oktoboe
2782 2793 2962 2856 1236.

628 2894 1093 2958 MCOXXXVI
1122 2898 1188 2972 ¹),
1235 2893 1362 2954 ind.
1409 2894 1493 2965 X,
1537 2912 1688 2954 non.
1740 2904 1863 2955 oct.
1951 2894 2182 2954 Petrus
2238 2892 2537 2970 Saraceni
2593 2899 2968 2970 procurator

509 2993 797 3054 comunis
831 2990 1005 3053 Vult.
1039 2999 1438 3070 protestatus
1479 2998 1577 3052 est
1632 3010 1847 3052 coram
1905 2992 2067 3052 Atto
2125 2990 2414 3052 Oddonis
2468 3011 2514 3051 a.
2560 2989 2852 3052 Nicholai
2902 2992 2965 3052 in

509 3091 771 3153 Cat-cere
812 3090 971 3151 diac.
1017 3088 1186 3150 card.
1231 3088 1623 3168 cappellan0‚
1668 3090 1778 3167 qui
1822 3091 1957 3150 eius
1999 3089 2313 3150 mandato
2355 3089 2631 3167 recipere
2687 3087 2967 3150 debebat

508 3194 709 3250 testes
748 3187 1144 3250 inducendos
1185 3187 1357 3248 inter
1396 3206 1666 3248 comune
1708 3192 1774 3246 et
1821 3187 1956 3263 (Pa
1970 3191 2289 3267 ganum)
2334 3206 2434 3267 ep.
2496 3185 2747 3263 (Vult.)‚
2792 3186 2966 3265 quod

509 3287 725 3347 liceret
768 3285 891 3346 sibi
932 3304 1251 3364 opponere
1292 3287 1359 3345 in
1400 3304 1739 3364 personam
1783 3287 2070 3358 testium,
2117 3304 2277 3365 quos
2326 3283 2702 3346 Leunardus
2740 3303 2966 3362 procu-

511 3391 686 3446 rator
727 3384 970 3463 Pagani
1014 3383 1245 3444 ducere
1288 3380 1689 3453 intendebat,
1748 3387 1814 3441 et
1870 3401 2089 3442 eorum
2145 3380 2326 3442 dicta
2379 3380 2734 3459 reprobare.
2821 3383 2964 3444 Act.

512 3483 717 3543 Reate
743 3485 792 3556 ²)
834 3483 899 3541 in
942 3480 1222 3558 hospitio
1263 3498 1372 3539 seu
1404 3481 1582 3540 curia
1620 3479 1979 3541 cardinalis,
2068 3477 2476 3541 Guilielmino
2505 3479 2640 3539 eius
2669 3485 2802 3540 not.
2833 3479 2966 3541 Ma-

509 3581 661 3643 theo
700 3578 940 3641 Guerre
980 3579 1062 3638 de
1101 3576 1491 3639 Toscanella.
1540 3579 1809 3640 Gemino
1863 3577 1908 3638 f.
1954 3577 2180 3658 Angeli
2223 3583 2305 3638 tt.
2391 3577 2758 3638 Ardovinus
2814 3578 2963 3655 imp.

510 3678 655 3740 aule
694 3677 888 3738 iudex
930 3683 997 3737 et
1042 3683 1176 3737 not.

830 3774 1088 3835 Florenz
1130 3774 1282 3836 Ast.
1333 3772 1898 3850 (Volt.1237X7,
1945 3794 2005 3834 n.
2055 3773 2198 3850 417)
2241 3773 2414 3851 Oriy.

512 4039 650 4098 552.
2029 4033 2319 4103 Volterra,
2362 4033 2445 4094 26
2485 4032 2743 4094 Oktober
2784 4031 2964 4093 1236.

631 4134 919 4197 Vicarius
960 4139 1027 4194 et
1068 4133 1441 4211 utriumque-
1484 4131 1817 4194 consilium
1861 4131 2078 4193 Vult.
2123 4131 2538 4193 constituunt
2592 4137 2965 4211 procurato·

509 4253 642 4294 rem
684 4232 770 4293 ad
812 4230 1385 4293 contradicendum
1429 4232 1747 4309 preceptis
1791 4231 2137 4309 potestatis
2181 4229 2345 4290 Flor.
2376 4228 2460 4289 de
2487 4247 2643 4308 pace
2671 4226 2964 4288 facienda

508 4350 657 4393 cum
698 4331 958 4392 comuni
1000 4328 1289 4390 Sancti
1333 4329 1821 4390 Geminiani.

828 4427 1088 4489 Florem
1130 4425 1282 4487 Ast.
1330 4425 1518 4503 (Volt.
1563 4444 1627 4486 π.
1673 4425 1817 4504 423)
1862 4425 2037 4502 Oriq.
2122 4424 2241 4485 Ed.
2285 4424 2546 4485 Sontini
2585 4423 2738 4485 Doc.
2783 4422 2923 4484 423.

660 4645 699 4707 ¹)
726 4644 950 4694 Radiert
973 4659 1075 4693 aua
1101 4641 1553 4692 MCCXXXVII.
1654 4645 1694 4704 Ε)
1734 4641 1868 4690 Dore
1904 4657 2016 4691 war
2052 4641 2139 4690 die
2176 4642 2350 4691 Kar-ie
2389 4657 2508 4692 vom
2549 4643 2574 4691 7
2614 4639 2743 4690 Juzi
2777 4639 2860 4689 bia
2898 4642 2962 4690 27

510 4733 742 4784 Oktcber.
