4000 5700
1071 513 1518 569 REGESTUM
1557 514 2247 571 VOLATERRANUM
2785 517 2885 570 331

427 710 564 772 972.
1859 710 2059 771 Senta
2104 710 2320 774 Fiora
2364 711 2443 772 21
2487 711 2672 772 Μᾶνκ
2712 712 2887 774 1297.

545 806 1192 880 ΜΟΟΙΧΧΧΧἾΙΙ,
1223 808 1353 869 ind.
1400 807 1433 868 Ι
1463 809 1528 885 ¹,)
1572 807 1742 869 XXI
1776 814 1962 869 mart.
2050 805 2708 870 Ildebrandinus
2749 808 2890 870 No-

423 903 698 965 vellus
737 924 950 966 comae
992 905 1322 984 palatinus
1351 905 1456 982 qd.
1487 904 1926 967 Ildebrandini
1957 906 2213 967 comitis
2241 906 2514 985 palatini
2543 906 2623 966 de
2651 906 2892 967 Sancta

423 1000 614 1062 Flora
654 1002 999 1065 constituit
1029 1001 1379 1063 Henricum
1409 1004 1713 1064 comitem
1741 1002 2108 1082 palatinum
2139 1002 2243 1082 qd.
2277 1004 2533 1063 comitis
2561 1002 2888 1064 Ildcbran·

423 1099 558 1160 dini
601 1098 875 1178 palatini
916 1100 1253 1161 absentem
1293 1105 1776 1179 procuratorem
1818 1100 1903 1161 ad
1938 1100 2324 1162 divisionem
2350 1100 2714 1161 faciendam
2742 1121 2889 1162 cum

423 1196 768 1258 comitibus
790 1198 1099 1259 fratribus
1121 1199 1271 1269 suiS,
1302 1200 1706 1271 comitatum,
1738 1206 1970 1272 castra,
2003 1199 2366 1272 fortalitiam,
2398 1199 2886 1270 iurisdictiones,

422 1294 712 1367 honores,
754 1295 1075 1367 baronias,
1123 1295 1249 1355 alia
1289 1296 1459 1357 bona
1515 1297 1719 1375 patris
1767 1316 1988 1356 eorum
2059 1302 2126 1356 et
2185 1296 2268 1356 ad
2323 1296 2693 1358 faciendum
2742 1316 2889 1358 cum

423 1392 769 1454 comitibus
810 1393 1120 1454 fratribus
1162 1394 1290 1455 VII
1334 1399 1551 1474 partes
1592 1402 1661 1454 et
1689 1393 2076 1473 capiendum
2105 1414 2224 1474 pro
2252 1414 2320 1455 se
2348 1414 2563 1455 unam.
2649 1396 2791 1456 Act.
2822 1398 2891 1456 in

422 1509 676 1552 cassato
716 1493 909 1552 castri
953 1491 1154 1554 Sante
1193 1492 1396 1554 Flore.
1482 1492 1641 1555 Cino
1683 1499 1750 1553 et
1794 1493 2126 1554 Gualterio
2168 1494 2479 1556 fratribus
2534 1493 2579 1555 f.
2636 1494 2741 1573 qd.
2787 1513 2886 1556 co-

425 1588 601 1650 mitis
643 1588 1083 1651 Ildebrandini
1124 1590 1205 1652 de
1245 1589 1488 1652 Sancta
1526 1590 1733 1651 Flora.
1779 1591 1959 1651 Nuto
2001 1591 2109 1670 qd.
2155 1591 2403 1653 Alberti
2443 1591 2527 1652 de
2574 1593 2889 1654 comitatu

425 1686 644 1748 Aretii.
728 1687 951 1749 Clarus
993 1688 1449 1750 Bonaventure
1494 1688 1788 1750 Baruccii
1829 1689 1910 1749 de
1950 1689 2118 1750 Flor.
2165 1691 2315 1769 imp.
2360 1695 2529 1751 auct.
2574 1697 2707 1750 not.

745 1785 1006 1846 Florem
1045 1785 1195 1847 Ast.
1245 1786 1429 1861 (Volt.
1477 1786 1638 1847 1297
1680 1786 1801 1846 III
1846 1787 1946 1861 21,
1989 1806 2055 1846 π.
2102 1787 2285 1863 1372)
2331 1788 2499 1865 Oriq.

426 1980 563 2042 973.
1836 1982 2041 2044 Sama
2081 1982 2295 2055 Fiora,
2340 1984 2379 2043 2
2420 1982 2671 2059 Auyuet
2712 1982 2886 2043 1297.

545 2077 965 2140 MCOLXXX
972 2077 1188 2151 XVII
1221 2078 1349 2139 ind.
1383 2081 1466 2151 X,
1501 2086 1790 2159 tempore
1821 2080 2134 2141 Bonifatii
2164 2080 2349 2152 VIII,
2381 2080 2487 2140 die
2514 2079 2587 2139 II
2615 2082 2886 2154 augusti.

423 2176 584 2237 Cum
625 2177 891 2237 comites
933 2175 1429 2237 Ildebrandinus
1475 2176 1799 2249 Novellus,
1835 2176 2221 2249 Bonifatius,
2254 2176 2580 2257 Benigne,
2611 2177 2885 2239 Guilliel-

425 2293 584 2346 mua,
615 2273 827 2337 Guido
854 2274 897 2335 f.
923 2274 981 2334 b.
1009 2295 1090 2336 m.
1124 2273 1568 2336 Ildebrandini
1611 2277 1897 2336 comiti
1918 2295 1948 2335 s
1990 2275 2262 2355 palatini
2289 2274 2449 2336 dicti
2475 2276 2556 2336 de
2585 2275 2627 2337 S
2646 2282 2891 2337 ancta

422 2371 665 2433 Flora
706 2372 787 2433 de
829 2373 1142 2433 divisione
1185 2371 1501 2434 bonorum
1543 2375 1745 2451 patris
1775 2372 2198 2446 decreverint,
2230 2379 2307 2433 ut
2337 2379 2523 2452 patet
2549 2393 2629 2435 ex
2654 2374 2888 2434 instru-

423 2475 645 2531 mento
685 2488 786 2530 ser
817 2469 1041 2532 ’Ghieri
1083 2478 1216 2532 not.
1261 2470 1345 2531 de
1370 2470 1875 2544 Rocchastrada,
1908 2477 2127 2550 partes
2158 2490 2268 2550 per
2294 2470 2606 2549 palloctas
2635 2470 2887 2543 habere,

427 2587 586 2647 quas
628 2566 922 2630 Iohanna
962 2570 1290 2630 comitissa
1330 2573 1540 2629 mater
1581 2588 1803 2629 eorum
1847 2571 1915 2630 in
1957 2570 2198 2647 gremio
2240 2575 2488 2630 teneret
2532 2575 2599 2631 et
2640 2588 2752 2648 per
2779 2568 2890 2628 ali-

425 2685 617 2745 quem
658 2684 928 2744 puerum
984 2666 1416 2739 distribueret,
1474 2668 1801 2727 comitissa
1858 2687 2129 2745 puerum
2186 2686 2460 2746 parvum
2516 2668 2597 2729 de
2652 2665 2892 2728 Sancta

423 2762 612 2825 Flora
655 2762 879 2843 elegit3
922 2764 1032 2840 qui
1074 2763 1360 2823 extraxit
1401 2764 1661 2823 nomine
1701 2764 1955 2824 comitis
2000 2762 2346 2823 Guillielmi
2388 2763 2736 2842 palloctam
2777 2762 2890 2823 ha-

425 2863 686 2924 bentem
725 2861 945 2924 cedule
987 2862 1372 2938 scripturam
1400 2868 1619 2941 partes
1646 2861 1929 2922 Malliani
1969 2880 2115 2922 cum
2146 2881 2394 2922 cassero
2437 2862 2479 2940 [.
2501 2910 2512 2921 .
2535 2910 2547 2922 .
2568 2862 2611 2942 .]
2634 2861 2702 2938 ’),
2733 2860 2886 2922 San-

423 2962 740 3040 prugnani
763 2979 911 3021 cum
933 2958 1205 3038 pedagio
1234 2964 1302 3018 et
1328 2958 1469 3019 aliis
1497 2958 1742 3020 iuribus
1771 2960 1836 3019 in
1867 2959 2187 3028 CinsianO,
2218 2958 2623 3032 Frachilasci,
2645 2959 2890 3019 iuribus

422 3059 489 3120 in
532 3056 912 3129 Bocchetta,
956 3055 1452 3136 Sanpugn[an0.
1474 3105 1485 3117 .
1509 3057 1552 3137 .]
1577 3057 1623 3133 ⁸)
1653 3077 1824 3137 gana
1863 3063 1932 3118 et
1976 3057 2295 3118 Bermina.
2330 3056 2607 3118 Nomine
2637 3055 2892 3135 Herrigi

422 3157 707 3217 extraxit
749 3154 1098 3234 palloctam
1141 3155 1346 3232 partis
1387 3154 1622 3217 Sancte
1665 3155 1849 3217 Flore
1889 3175 2039 3217 cum
2089 3155 2353 3218 castello
2396 3157 2619 3233 patris,
2651 3155 2930 3235 [....]⁴)·

422 3259 490 3312 et
530 3251 774 3312 iuribus
812 3251 881 3311 in
925 3251 1192 3312 Roccha
1233 3250 1516 3328 Albegne
1557 3257 1625 3312 et
1667 3250 1878 3324 Petra,
1911 3252 2168 3313 heremo
2194 3257 2265 3312 et
2308 3251 2461 3311 villa
2491 3250 2725 3313 Sancte
2753 3250 2888 3311 Tri-

421 3351 592 3422 nite3
636 3350 894 3410 nomine
940 3348 1249 3409 Bonifatii
1295 3346 1639 3427 palloctam
1685 3350 1897 3429 [...]⁵)
1942 3370 2090 3411 cum
2134 3350 2401 3411 baronia
2442 3359 2504 3410 et
2552 3349 2797 3410 iuribus
2825 3349 2891 3409 in

425 3447 681 3519 Yschia,
727 3467 872 3508 cum
917 3454 1120 3526 parte,
1167 3465 1365 3525 quam
1405 3447 1653 3509 habent
1694 3450 1762 3509 in
1818 3449 2141 3510 GrossetO.
2189 3455 2423 3528 quarta
2473 3455 2657 3527 parte
2698 3448 2894 3507 castri

423 3546 867 3625 Capalb[ii...]
893 3549 938 3620 ις)
982 3551 1049 3606 et
1093 3547 1158 3606 in
1202 3544 1500 3617 Petrolla,
1548 3547 1615 3607 in
1657 3546 2068 3618 CastellardO,
2100 3549 2166 3607 in
2195 3548 2461 3607 civitate
2504 3546 2746 3618 Castri;
2782 3565 2889 3605 no·

427 3646 595 3706 mine
637 3643 1063 3705 Ildjbrandini
1104 3643 1355 3705 Novelli
1387 3644 1737 3723 palloctam
1765 3646 1968 3724 partis
1999 3645 2474 3706 Rocchestrade
2503 3663 2646 3705 cum
2683 3662 2885 3716 rocca,

426 3743 492 3802 in
534 3743 761 3803 eastris
802 3741 1019 3814 Silani,
1063 3741 1558 3821 Montisgemoli,
1603 3742 1918 3812 Suvereti,
1963 3742 2106 3822 [...]
2132 3745 2198 3818 ἵ),
2243 3749 2452 3803 castro
2502 3741 2732 3813 Pietre,
2778 3740 2889 3802 ba·

425 3840 609 3902 ronia
646 3845 713 3900 et
756 3839 1001 3901 iuribus
1044 3841 1110 3900 in
1154 3847 1366 3900 castro
1409 3839 1794 3918 Batagnani,
1839 3841 1904 3900 in
1960 3840 2230 3901 civitate
2284 3840 2512 3913 Masse,
2554 3840 2624 3901 in
2679 3843 2891 3899 castro

425 3937 751 4009 Scherlini,
796 3939 863 3998 in
905 3944 1116 3998 castro
1161 3937 1542 4016 Iungharico
1585 3945 1654 3997 et
1693 3957 1820 4016 que
1861 3938 2107 3999 habent
2150 3939 2293 4018 [...]
2318 3941 2364 4014 Β)
2413 3956 2560 3999 cum
2598 3935 2892 3999 fidelibus

425 4043 492 4096 et
533 4034 970 4097 iurisdictione
1010 4036 1297 4096 civitatis
1335 4035 1509 4097 dicte
1539 4041 1606 4095 et
1634 4042 1991 4096 castrorum
2023 4043 2090 4096 et
2116 4036 2447 4096 castellare
2474 4034 2702 4105 Marte,
2735 4032 2889 4094 ban-

425 4132 566 4192 dita
606 4131 763 4193 silve
805 4152 852 4193 e.
900 4133 1161 4200 Donati.
1208 4133 1561 4212 Caporagii,
1605 4131 1881 4193 Tonboli
1922 4139 1988 4193 et
2031 4134 2170 4213 [...]
2196 4135 2242 4211 ⁹)
2288 4133 2552 4194 flumine
2597 4130 2740 4203 Ose,
2784 4150 2891 4210 pe-

424 4229 613 4308 dagio
641 4231 964 4309 pecudum
993 4231 1166 4291 ultra
1203 4230 1442 4292 flumen
1479 4231 1839 4303 Unbronis;
1883 4233 2142 4292 nomine
2184 4231 2498 4310 Gnidonis
2542 4231 2889 4309 palloctam

574 4463 615 4530 Ι)
653 4463 867 4527 Riomiq
904 4467 1045 4514 ware
1083 4463 1155 4513 X.
1362 4463 1407 4528 Β)
1467 4463 1647 4513 Lache
1696 4480 1799 4514 von
1847 4467 1917 4515 33
1957 4466 2313 4516 Buchstaben.
2473 4464 2519 4530 3)
2560 4464 2743 4516 Lache
2781 4478 2885 4513 von

427 4554 494 4603 33
531 4553 882 4605 Buohutabon.
983 4553 1027 4618 ⁴)
1066 4553 1248 4603 Lt'icke
1289 4569 1391 4602 von
1431 4555 1496 4602 18
1535 4554 1886 4608 Buchstaben.
1983 4555 2029 4620 ⁸)
2068 4555 2249 4606 Lache
2288 4571 2391 4605 von
2430 4556 2497 4607 22
2534 4554 2889 4604 Buehstabon.

425 4643 471 4707 ο)
508 4642 691 4695 Lache
729 4658 830 4692 von
866 4644 934 4694 26
971 4643 1322 4691 Buchstaben.
1497 4639 1542 4707 τ)
1581 4643 1806 4692 Ebenso.
1983 4641 2027 4709 ⁸)
2066 4644 2249 4695 Liicke
2290 4660 2392 4693 von
2430 4645 2497 4693 23
2537 4643 2886 4692 Buohstaben.

424 4724 471 4797 ⁹)
510 4731 690 4782 Liicke
729 4747 828 4780 von
873 4733 934 4780 17
973 4731 1323 4779 Βαεὴειαόεη.
