4000 5700
1015 532 1456 588 REGESTUM
1496 533 1601 586 VO
1610 530 2179 585 LATERRANUM
2715 529 2823 582 225

364 718 664 812 Paganus
705 730 932 792 debuit
970 731 1213 792 eisdem
1253 730 1337 790 ad
1379 728 1524 790 feet.
1568 748 1616 789 s.
1660 727 1988 789 Michaelis
2031 730 2080 790 C
2137 726 2244 788 lib.
2290 727 2430 787 den.
2479 727 2656 788 Vult.
2706 747 2823 805 pro

366 832 573 909 pretio
603 830 633 889 I
664 830 973 891 dextrarii
1015 829 1127 907 pili
1158 828 1337 906 nigri,
1370 845 1561 906 quem
1591 828 1751 888 emit
1776 825 1863 887 ab
1891 825 2031 899 illis,
2061 828 2294 905 pignus
2322 825 2617 887 detinent
2654 824 2824 887 bons

366 926 448 987 de
489 925 1023 1005 Ripamarraucia
1059 932 1125 985 et
1166 921 1537 996 SeraczanO,
1569 928 1748 984 carta
1777 921 2193 993 Gualterocti,
2226 919 2819 996 MCCXXXVIIII,

367 1025 498 1085 ind.
542 1023 700 1095 XII,
732 1022 825 1084 VI
853 1022 978 1084 kal.
1010 1027 1169 1101 sept.
1192 1025 1264 1098 1);
1297 1022 1596 1101 Paganus
1631 1020 1856 1081 debuit
1898 1020 2136 1080 eisdem
2181 1018 2377 1081 LIIII
2405 1018 2514 1079 lib.
2554 1019 2640 1080 ad.
2679 1019 2821 1081 fest.

367 1142 413 1180 e.
458 1121 785 1183 Michaelis
827 1140 1139 1198 expensas
1180 1121 1251 1180 in
1292 1119 1347 1179 V
1388 1119 1600 1180 bubus
1642 1138 1758 1197 pro
1785 1118 2153 1180 laborandis
2184 1119 2367 1178 terris
2395 1118 2820 1196 episcopatum

364 1219 600 1299 pignus
640 1217 884 1281 habent
926 1217 1101 1279 bona
1138 1219 1547 1296 episcopatus
1588 1217 1669 1278 de
1712 1216 2052 1294 Aquaviva
2094 1222 2160 1275 et
2205 1215 2354 1275 villa
2394 1236 2444 1276 s.
2493 1215 2821 1289 Dalmata,

366 1322 547 1380 carta
568 1317 984 1387 Gualterocti,
1018 1314 1612 1387 MCCXXXVIIIL
1636 1315 1763 1376 ind.
1790 1314 1948 1385 XII,
1973 1314 2067 1374 VI
2089 1314 2211 1374 kal.
2237 1319 2398 1390 sept.
2419 1318 2461 1383 ¹)
2487 1334 2501 1386 ;
2526 1314 2826 1392 Paganus

365 1413 591 1476 debuit
635 1414 911 1476 Ballioni
952 1413 1058 1492 qd.
1104 1410 1435 1474 Orlandini
1478 1412 1559 1473 de
1601 1412 1881 1474 Cluslino
1923 1409 2145 1475 CCXL
2188 1410 2294 1471 lib.
2340 1411 2482 1473 den.
2516 1432 2664 1472 nov.
2700 1412 2824 1472 Pie.

366 1513 450 1573 ad
490 1511 638 1574 fest.
683 1532 733 1573 s.
777 1511 976 1573 Mal-ie
1019 1511 1098 1571 de
1140 1518 1393 1590 agusto,
1436 1529 1599 1590 quos
1639 1512 1707 1571 in
1748 1509 2202 1571 Lombardiam
2251 1511 2682 1591 inflervitium
2706 1511 2824 1571 im-

365 1611 679 1689 peratoris
719 1610 998 1688 spondit,
1043 1628 1161 1688 pro
1200 1609 1435 1688 quibus
1477 1610 1709 1690 pignus
1755 1607 1949 1671 habet
2004 1609 2299 1670 redditus
2353 1608 2435 1671 de
2489 1611 2822 1687 Ripamar-

366 1710 603 1781 rancia,
647 1715 829 1769 carta
871 1707 1193 1769 Bonfilioli
1235 1708 1591 1769 Trinchetti
1635 1713 1795 1778 not.,
1840 1707 2305 1779 MOCXXXII,
2355 1709 2483 1768 ind.
2530 1707 2644 1774 VI.
2700 1705 2825 1767 XV

365 1806 491 1867 kal.
538 1811 723 1869 mart.
746 1808 827 1883 ²);
872 1807 983 1885 qui
1029 1805 1316 1866 Ballione
1358 1804 1497 1867 iura
1538 1807 1605 1865 in
1646 1806 1736 1866 eis
1766 1804 1993 1867 eadem
2022 1804 2127 1866 die
2155 1804 2337 1867 dedit
2370 1805 2842 1868 Ildebrandino¹

368 1908 436 1965 et
475 1903 869 1965 Montanello
894 1906 963 1980 ⁸).

487 1998 825 2071 MCCLVL
855 2001 985 2062 ind.
1018 2000 1162 2071 XV,
1194 2001 1251 2061 V
1281 2019 1432 2061 non.
1465 2005 1655 2060 mart.
1728 2001 1953 2063 Coram
1986 2000 2258 2061 Alberto
2275 2001 2552 2080 plebano
2572 2002 2654 2063 de
2673 2002 2824 2064 Ger-

370 2097 539 2160 faloo
560 2103 628 2159 et
650 2097 994 2178 Pegolocto
1022 2098 1102 2159 de
1130 2098 1586 2178 Montemagno
1613 2103 1695 2160 tt.
1781 2097 2003 2158 Testes
2023 2100 2261 2176 recepti
2283 2107 2438 2161 sunt
2458 2099 2542 2160 ab
2565 2098 2821 2161 abbate.

490 2195 866 2257 Herveus
905 2214 1045 2257 can.
1089 2195 1464 2256 Venetensis
1505 2194 1918 2273 cappellanus
1961 2196 2142 2255 electi
2196 2196 2388 2267 iurat,
2431 2196 2607 2275 quod
2649 2197 2826 2275 apud

371 2292 429 2353 S.
462 2291 915 2355 Geminianum
946 2292 1259 2363 interfuit,
1291 2294 1553 2372 quando
1578 2298 1982 2353 contractum
2029 2293 2151 2353 fuit
2181 2292 2474 2354 debitum
2506 2313 2653 2355 cum
2681 2294 2822 2356 Pal·

372 2397 545 2463 tone,
589 2390 766 2469 quod
804 2389 933 2451 fuit
973 2391 1136 2452 DCC
1178 2390 1285 2451 lib.
1329 2389 1723 2469 computatis
1763 2392 1988 2462 usuris
2037 2390 2118 2452 H.
2166 2390 2398 2452 habuit
2439 2411 2634 2471 penes
2662 2412 2732 2455 se
2758 2394 2824 2453 in

369 2488 639 2568 guardia
679 2490 851 2551 circa
890 2488 1001 2551 DC
1042 2495 1108 2549 et
1137 2489 1305 2550 vidit
1331 2508 1450 2567 pro
1476 2487 1697 2549 debito
1739 2488 2010 2548 electum
2054 2489 2208 2550 dare
2248 2489 2668 2552 fideiussores.
2705 2490 2827 2552 Isti

369 2585 515 2651 den.
545 2591 613 2648 et
634 2604 831 2665 quam
853 2586 1065 2665 plures
1085 2587 1191 2647 alii
1214 2588 1470 2665 expensi
1500 2585 1763 2647 fuerunt
1788 2587 1856 2646 in
1883 2587 2186 2657 exercitu,
2216 2606 2407 2666 quem
2430 2589 2566 2666 ipse
2586 2588 2827 2649 clectus

369 2682 524 2744 fecit
554 2682 728 2760 apud
756 2683 1193 2743 Puliccianum
1222 2690 1449 2744 contra
1475 2682 1629 2744 Neri
1656 2682 2051 2744 Piccolinum
2079 2703 2196 2762 pro
2218 2683 2587 2746 rehabendo
2613 2691 2826 2746 castro

370 2781 545 2861 quod
599 2788 986 2861 occupatum
1041 2781 1393 2842 detinebat.
1452 2781 1647 2842 Aliud
1700 2780 1991 2842 debitum
2047 2781 2284 2844 MCCX
2340 2779 2449 2843 lib.
2500 2784 2828 2844 contraxit

372 2899 517 2940 oum
561 2879 1011 2959 Bentivengna
1050 2880 1312 2962 Ugolini
1354 2880 1649 2941 Davanzi
1689 2878 1771 2941 de
1811 2879 1978 2941 Flor.
2008 2883 2056 2957 ⁴)
2084 2900 2200 2960 pro
2227 2879 2656 2960 recolligendo
2676 2901 2824 2960 oap-

370 2973 602 3055 pellam
644 2976 1070 3055 episcopalem
1114 2983 1181 3037 et
1224 2979 1648 3056 possessiones
1687 2974 1769 3036 de
1809 2975 2010 3046 Vult„
2053 2996 2216 3056 quas
2244 2977 2504 3056 quidam
2538 2978 2619 3040 de
2645 2978 2822 3039 Vult.

371 3072 752 3135 detinebant
780 3075 846 3134 in
873 3075 1105 3153 pignus
1146 3094 1263 3153 pro
1306 3075 1556 3155 magnis
1596 3075 1863 3154 pecunie
1905 3075 2403 3154 quantitatibus,
2456 3096 2618 3156 quas
2662 3077 2825 3138 dioe-

372 3171 533 3232 bant
574 3191 642 3232 se
682 3171 914 3232 debere
954 3173 1233 3251 recipere
1276 3193 1355 3233 ex
1398 3172 1617 3233 debito
1659 3179 1994 3234 cont-racto
2054 3194 2095 3235 a
2133 3173 2395 3253 Pagano
2449 3175 2603 3235 olim
2645 3175 2823 3236 Vult.

371 3289 494 3349 ep„
539 3268 618 3329 de
660 3269 893 3350 quibus
935 3272 1357 3332 restituerunt
1398 3273 1827 3334 instrumenta
1870 3271 2092 3346 elect0,
2136 3277 2202 3333 et
2243 3272 2534 3351 cappella
2575 3279 2644 3334 et
2685 3293 2824 3352 pos·

371 3369 679 3429 sessiones
718 3368 981 3429 fuerunt
1022 3368 1371 3430 recollecto.

492 3464 812 3525 Iohannes
853 3465 1116 3526 clericus
1157 3465 1363 3538 electi,
1393 3485 1704 3545 expensor
1731 3468 1795 3527 in
1826 3468 2108 3527 exercitu
2136 3473 2363 3528 contra
2398 3466 2826 3540 Pulicianum,

371 3568 438 3622 et
480 3561 926 3642 Ingerammus
966 3563 1049 3624 de
1091 3563 1393 3625 Certaldo
1434 3563 1613 3624 miles
1666 3582 1762 3640 ep.
1808 3564 2104 3643 predicta
2141 3564 2545 3625 confirmant.
2600 3564 2825 3626 Lam-

371 3659 658 3721 bertus
712 3665 888 3721 not.
946 3659 1125 3732 dicit,
1182 3661 1357 3738 quod
1416 3661 1691 3742 quedam
1748 3660 1919 3721 bona
1973 3663 2380 3739 episcopatus
2436 3668 2591 3723 sunt
2641 3663 2827 3740 parvi
2876 3726 2884 3734 ,

372 3758 619 3819 fructus
640 3764 707 3819 et
731 3767 1000 3837 possunt
1024 3758 1173 3820 inde
1194 3759 1403 3837 plures
1426 3760 1667 3819 denarii
1691 3758 1931 3820 haberi.
2018 3760 2162 3819 Act.
2189 3761 2362 3837 apud
2380 3760 2689 3821 Sanctum
2707 3760 2827 3822 Ge-

372 3856 748 3916 minianum.
860 3856 1187 3915 Ranuccio
1229 3856 1310 3916 de
1352 3856 1834 3934 Montegrossoli
1880 3863 1943 3915 et
1975 3854 2271 3916 Schiatta
2311 3863 2389 3916 tt.
2491 3856 2825 3928 MCCLVL

373 3952 518 4013 Ina.
566 3953 709 4022 XV,
757 3952 897 4013 IIlI
942 3972 1089 4013 non.
1137 3959 1325 4014 mart.

518 4203 562 4268 ¹)
602 4205 747 4254 Oben
781 4221 836 4254 n.
878 4207 998 4255 572.
1144 4204 1190 4270 ⁸)
1230 4205 1375 4254 Oben
1409 4221 1462 4255 n.
1504 4207 1605 4255 491
1625 4221 1645 4263 ,·
1681 4206 1770 4255 dic
1812 4206 2087 4265 Urktmde,
2114 4206 2202 4255 die
2227 4205 2452 4256 eumaem
2479 4205 2714 4254 erhalton
2740 4206 2827 4264 iot,

372 4292 464 4341 hat
487 4292 603 4341 also
629 4294 729 4342 dae
761 4294 967 4342 Datum
1006 4295 1073 4343 15
1112 4292 1353 4342 Febr-uer
1396 4295 1528 4344 1:233
1566 4293 1753 4356 yehabt
1788 4294 1903 4343 und
1939 4295 2058 4344 eine
2094 4293 2327 4343 Anleihe
2367 4309 2470 4343 von
2497 4296 2600 4343 240
2637 4294 2828 4354 Pfund

372 4379 654 4431 cameleon.
845 4381 888 4444 ³)
918 4381 1107 4431 Leider
1144 4383 1215 4431 ist
1249 4382 1337 4431 die
1381 4381 1640 4432 Urkunde
1676 4397 1736 4430 εο
1771 4385 2003 4442 areton,
2043 4383 2171 4432 daea
2197 4381 2353 4431 solbet
2388 4382 2490 4431 mit
2524 4382 2583 4430 H
2589 4382 2700 4442 fille
2735 4381 2828 4430 du

372 4469 492 4520 adar
527 4471 952 4520 cummarischm
974 4470 1217 4533 δ’ρορίἰο,
1255 4472 1443 4521 deam
1485 4467 1761 4532 Ver-laesor
1798 4471 2016 4520 Galloni
2050 4471 2128 4521 im
2157 4459 2329 4521 Jahn
2361 4473 2497 4521 1782
2521 4472 2657 4521 noch
2682 4471 2829 4521 mehr

371 4560 472 4619 lae,
498 4558 586 4608 die
619 4562 857 4622 qrduere
894 4559 1079 4620 Heilste
1114 4560 1208 4610 der
1242 4560 1398 4610 meiat
1432 4560 1567 4610 nodi
1602 4575 1704 4609 von
1739 4561 1936 4623 Paqan
1972 4560 2338 4611 stammcndm
2374 4560 2648 4611 Schulden
2682 4559 2830 4609 nicht

370 4647 725 4708 seotzuetellen
762 4647 847 4697 iet.
997 4648 1041 4710 ⁴)
1076 4648 1373 4711 Verqleiehe
1424 4649 1577 4698 B.-F'.
1630 4650 1785 4698 3390.
1836 4648 2155 4698 Davideolm
2205 4650 2592 4712 For-achimaan
2644 4649 2716 4698 ΙΙ
2762 4649 2828 4697 63

370 4752 423 4787 n.
465 4738 583 4786 448.
663 4736 807 4786 Oben
844 4752 895 4785 η.
938 4738 1056 4786 593.

596 4914 659 4962 15
