4000 5700
1136 396 1573 450 REGESTUM
1608 395 2166 450 VOLATERRAN
2177 397 2294 450 ΠΜ
2826 396 2929 448 2³1

484 590 878 651 Bellindotte
940 595 1009 651 et
1069 588 1379 651 Iacobum
1442 588 1756 661 Ghiberti,
1806 607 2025 650 eorum
2084 608 2388 650 accusans
2442 591 2932 652 contumaciam.

483 688 842 767 Phylippus
883 687 1168 749 Venture
1209 693 1348 749 not.

813 784 971 847 Vozt.
1018 783 1259 846 AVesc.
1292 784 1461 862 App.
1492 803 1541 845 8.
1574 783 1764 844 XIII
1790 783 1957 846 Rau.
1985 804 2052 845 n.
2081 785 2122 845 2
2146 785 2319 862 Oriq.
2354 784 2513 862 (sehr
2539 783 2932 862 beschddiqt).

481 969 1968 1032 6920013022
2018 969 2138 1032 Val
2178 970 2422 1042 dQElsa
2468 974 2642 1048 (etwa
2680 971 2932 1048 12579).

600 1069 902 1147 Capitula
943 1068 1233 1143 XLVIII
1276 1075 1343 1128 et
1372 1068 1653 1128 LXXVI
1697 1072 2093 1129 statutorum
2138 1068 2424 1130 comunis
2452 1069 2533 1129 de
2576 1067 2930 1143 Casulis,

481 1169 657 1246 quod
698 1165 996 1227 eabe-larii
1037 1165 1277 1227 debent
1318 1168 1588 1227 retinere
1629 1173 1877 1227 rectum
1916 1166 2171 1244 pondus
2212 1165 2554 1241 Florentie,
2581 1167 2938 1245 ponderare

480 1265 754 1327 florenos
793 1269 859 1325 et
900 1263 1103 1325 bonos
1141 1263 1436 1342 recipere,
1481 1265 1691 1342 pretia
1714 1263 2014 1343 ponderis
2042 1264 2286 1326 solvere
2312 1269 2379 1324 et
2407 1265 2660 1343 pondus
2685 1272 2935 1326 rectum

480 1369 694 1424 tencre
735 1363 1038 1442 quodque
1078 1380 1301 1423 omnes
1349 1361 1574 1422 floreni
1626 1369 1888 1422 currant
1939 1362 2207 1435 Casulis,
2263 1363 2430 1423 sicut
2483 1369 2750 1425 currunt
2792 1363 2931 1424 Flo·

479 1458 681 1521 rentie
707 1464 768 1537 ¹).
872 1454 1240 1521 Bonifatius
1299 1458 1629 1519 Thomasii
1690 1458 1770 1518 de
1828 1457 2126 1520 Bononia
2186 1478 2464 1520 assessor
2522 1466 2590 1520 et
2649 1467 2787 1522 not.
2849 1460 2933 1520 de

480 1556 744 1619 cambe·
807 1655 963 1718 Volt.
1009 1653 1246 1715 AVesc.
1291 1673 1341 1714 s.
1387 1653 1577 1714 XIII
1619 1655 1792 1732 App.
1836 1655 2000 1716 Rau.
2044 1675 2109 1716 n.
2153 1655 2194 1716 3
2239 1654 2656 1734 qleichzeitiye
2708 1655 2863 1733 001².

476 1861 617 1923 693.
1978 1862 2263 1937 Florem,
2305 1862 2348 1923 3
2387 1861 2708 1923 December
2747 1862 2931 1924 1257.

596 1958 1396 2033 MocLV11,ind.1‚dio
1438 1959 1585 2019 lune
1627 1958 1733 2020 III
1775 1960 1920 2020 intr
1965 1959 2102 2020 dec.
2205 1961 2592 2024 Convocatis
2631 1958 2931 2022 XXXVI

477 2057 849 2119 consiliariis
891 2057 1232 2130 credentis,
1267 2054 1547 2118 XXIIII
1578 2057 1949 2117 consiliariis
1977 2058 2294 2136 capit-anei
2325 2064 2626 2136 precepto
2654 2057 2929 2120 Matthei

476 2155 556 2215 de
598 2155 877 2235 Corrigia
920 2155 1086 2214 Flor.
1132 2161 1263 2233 pot.
1309 2160 1375 2213 et
1417 2153 1712 2216 Guidesti
1759 2154 1837 2215 de
1894 2155 2294 2216 Pontecarali
2342 2156 2664 2233 capitanei
2712 2155 2931 2234 populi

475 2253 544 2314 in
570 2250 717 2312 eccl.
748 2271 795 2312 s.
828 2250 1135 2312 Iohannis
1175 2251 1479 2330 baptiste,
1510 2252 1595 2313 ad
1622 2252 1793 2330 quod
1824 2252 2254 2313 interfuerunt
2283 2255 2677 2331 capitaneuS,
2708 2273 2930 2314 omnes

476 2351 726 2410 antiani
766 2355 831 2409 et
874 2349 1204 2410 Conradus
1245 2349 1326 2408 de
1368 2350 1823 2430 Montemagno
1861 2355 2158 2429 potestas
2196 2350 2371 2412 Vult.
2423 2357 2490 2411 et
2530 2351 2660 2412 duo
2711 2350 2929 2412 amba·

475 2449 757 2508 xiatores
800 2448 1166 2508 comunis
1207 2445 1445 2519 Vult„
1492 2447 1517 2526 [
1523 2492 1674 2507 .....
1680 2448 1773 2526 ]”)
1817 2452 1884 2508 et
1923 2447 2199 2519 Trincia,
2228 2467 2377 2508 cum
2403 2449 2816 2527 Marignanus
2848 2448 2931 2509 de

474 2545 809 2624 Tosinghis
849 2545 1017 2607 Flor.
1063 2545 1221 2605 civis
1261 2543 1454 2605 fuerit
1491 2545 1641 2605 olim
1672 2550 1962 2623 potestas
1988 2543 2163 2606 Vult.
2185 2549 2231 2621 ⁸)
2262 2551 2327 2607 et
2356 2545 2695 2607 decesserit
2722 2547 2794 2606 in
2818 2564 2929 2624 po-

476 2646 741 2704 testaria
784 2648 850 2703 et
892 2661 969 2703 ex
1012 2648 1197 2721 parte
1247 2643 1538 2703 comunis
1590 2641 1759 2702 Flor.
1804 2649 2105 2722 rogatum
2161 2644 2246 2703 sit
2299 2663 2571 2705 comune
2612 2643 2810 2718 Vult„
2854 2650 2931 2705 ut

476 2740 556 2802 de
595 2741 830 2802 salario
867 2738 1207 2801 heredibus
1235 2739 1657 2811 satisfaceret,
1686 2741 2097 2801 ambaxiator
2122 2742 2411 2801 comunis
2437 2741 2615 2804 Vult.
2651 2742 2924 2820 rogavit,

475 2845 551 2900 ut
590 2859 784 2920 super
823 2839 945 2901 hoc
986 2858 1256 2900 comune
1298 2837 1464 2900 Flor.
1509 2839 1882 2917 provideat3
1930 2858 2058 2900 non
2099 2839 2304 2901 credit
2344 2859 2411 2902 se
2452 2841 2655 2901 teneri
2695 2840 2928 2914 adsol-

476 2936 755 2999 vendum
797 2936 1121 2999 salarium.
1169 2936 1466 2997 Potestas
1506 2937 1699 3013 petiit
1739 2937 2095 2997 consilium.
2129 2936 2380 2997 Placuit
2407 2957 2627 3016 rogare
2657 2938 2927 3000 comu'ne

473 3032 673 3109 Vult„
715 3041 793 3096 ut
833 3034 1187 3096 satisfaciat
1233 3032 1571 3094 heredibus
1613 3035 1693 3094 de
1734 3033 1984 3094 salario.
2070 3033 2195 3094 Lot
2236 3035 2558 3113 Formagii
2612 3035 2806 3096 iudex
2860 3040 2928 3095 et

475 3137 633 3204 not.,
676 3151 846 3193 nunc
889 3133 1298 3194 antianorum
1339 3136 1475 3191 not.

794 3227 1054 3288 Florenz
1095 3225 1249 3287 Ast.
1301 3225 1489 3303 (Volt.
1520 3225 1760 3308 223712)
1789 3226 1963 3303 Θήρ.

474 3413 614 3472 694.
1987 3412 2285 3484 Voltma,
2329 3412 2411 3473 30
2447 3411 2703 3474 Januar
2742 3413 2924 3475 1258.

597 3509 1003 3582 MCCLVIII,
1048 3510 1177 3570 ind.
1220 3509 1277 3582 Ι,
1320 3511 1447 3570 ian
1491 3510 1594 3570 die
1636 3511 2009 3588 penultima.
2096 3510 2484 3572 Gottifridus
2510 3513 2591 3574 de
2621 3510 2927 3574 Profectis

472 3608 650 3669 urbis
673 3607 1186 3668 Bethleemitane
1213 3626 1335 3685 ep.,
1366 3608 1572 3668 vicem
1600 3626 1765 3686 pape
1794 3628 2016 3687 gerens
2045 3609 2110 3669 in
2140 3609 2389 3680 Tuscia,
2419 3630 2492 3669 su
2499 3629 2608 3688 per
2636 3609 2924 3671 ecclesia-

621 3797 664 3860 ¹)
705 3798 782 3846 In
827 3797 1027 3846 diesem
1071 3797 1217 3847 Jahr
1261 3797 1430 3846 nahm
1474 3797 1596 3846 San
1642 3797 1970 3860 Gimiano
2021 3799 2228 3849 Μᾱηεε
2276 3800 2391 3848 und
2441 3800 2602 3849 Mass
2652 3816 2755 3850 υοπ
2799 3801 2920 3850 mo-

472 3901 594 3936 rem
628 3901 705 3935 an
740 3886 855 3934 und
890 3893 1087 3934 mue-ste
1128 3886 1217 3935 dis
1262 3885 1512 3935 Stat-alen
1557 3886 1855 3935 abcindern:
1893 3886 2210 3937 Davidsohn
2259 3888 2644 3951 Foraechunqen
2692 3890 2762 3938 II
2813 3891 2912 3940 101

471 3990 526 4024 n.
570 3977 598 4023 7
604 3977 696 4031 49,·
736 3973 992 4023 vielleicht
1026 3974 1203 4022 wurde
1228 3975 1330 4024 dae
1356 3974 1493 4023 nahe
1518 3974 1709 4024 Oasole
1741 3975 1846 4024 Val
1885 3974 2078 4025 d'E'lsa
2101 3992 2204 4025 von
2227 3977 2320 4026 der
2345 3976 2586 4039 qleichcn
2618 3978 2924 4041 Massreqd

470 4063 738 4125 beer-offen.
811 4061 999 4111 Sicher
1034 4063 1104 4110 ist
1139 4062 1227 4111 die
1271 4062 1526 4112 Urkunde
1561 4078 1658 4111 zur
1692 4063 1811 4112 Zeit
1845 4064 1938 4112 der
1973 4064 2470 4128 voraberqehenden
2496 4064 2922 4126 Oberherrechast

472 4166 576 4201 von
611 4151 833 4200 Florem
870 4150 949 4200 im
980 4150 1220 4200 Elsatale
1257 4150 1577 4213 amqestellt,
1612 4151 1699 4200 die
1735 4152 1833 4212 fiir
1867 4152 2056 4202 anole
2092 4160 2224 4202 elwa
2259 4154 2358 4203 mit
2391 4153 2513 4203 dem
2548 4153 2782 4204 Frieden
2821 4169 2923 4203 von

469 4240 889 4290 Stommennano
930 4238 1019 4303 (11
1057 4239 1205 4288 Jum‘
1241 4241 1404 4304 1:251)
1442 4239 1716 4302 beyonmn
1749 4240 1922 4290 haben
1960 4241 2095 4291 wir-d
2119 4242 2235 4291 und
2258 4243 2426 4292 durch
2451 4243 2540 4292 dic
2564 4242 2813 4293 Sohlacht
2837 4242 2924 4292 boi

473 4327 812 4391 Montaperti
847 4329 903 4392 (4
940 4327 1247 4391 September
1284 4329 1447 4392 1260)
1485 4328 1573 4378 ihr
1605 4329 1762 4380 Eudo
1784 4329 1936 4390 land.
2019 4330 2320 4394 Verqleiche
2343 4331 2484 4381 auch
2521 4348 2544 4380 α
2563 4331 2780 4382 Bistam
2802 4332 2917 4382 und

473 4416 937 4478 Geldwirtechaft»
971 4418 1044 4466 II
1082 4419 1186 4469 290
1219 4418 1263 4478 j.
1302 4418 1415 4466 und
1454 4418 1575 4474 303,
1614 4433 1691 4466 wo
1727 4418 1814 4467 die
1839 4418 2130 4468 Liueratur
2155 4419 2470 4469 verzeiclmet
2495 4421 2582 4471 ist.
2664 4419 2707 4485 ⁸)
2735 4421 2924 4472 Locro?

472 4508 653 4557 Raum
690 4507 789 4568 fiir
823 4506 930 4556 den
963 4507 1198 4558 Numen.
1395 4505 1440 4570 ³)
1476 4507 1556 4555 Εἰ·
1591 4523 1703 4556 war
1740 4509 1877 4557 1255
1920 4509 2170 4568 Podcstd,
2207 4509 2350 4558 σιω-ὀ
2398 4509 2522 4559 aber
2563 4511 2702 4559 nach
2738 4510 2927 4560 kur-zer

471 4596 604 4645 Zeit.
646 4596 779 4644 Scin
814 4594 1138 4658 Nachsolqer
1188 4612 1298 4644 war
1344 4595 1507 4644 echon
1542 4611 1635 4644 am
1673 4597 1738 4645 :33
1778 4596 1993 4658 Auqust
2043 4598 2121 4645 im
2171 4598 2363 4647 Amce:
2417 4599 2618 4648 Cecina
2670 4600 2754 4650 55.
