4000 5700
1094 508 1208 561 2⁶0
1743 504 2187 560 RRGESTUM
2205 462 2911 559 'voLATERRANUM

1093 704 1270 780 perio
1309 700 1614 762 subiectis
1655 702 1966 762 vicarium
2010 701 2261 778 imperii
2302 701 2666 762 constituit.
2769 720 2799 760 t
2820 701 2878 761 A
2932 701 3139 762 multo
3192 707 3480 780 tempore
3499 722 3545 763 ο.

1094 799 1247 859 Dat.
1291 797 1566 859 viterbii
1604 796 1731 859 XV
1771 797 1900 859 kal.
1945 798 2119 870 maii,
2162 802 2349 876 pont.
2392 797 2555 859 IIII.

1410 895 1546 956 San
1588 894 1970 973 Gimiqnano
2012 894 2247 957 AO'om.
2290 894 2475 956 Liber
2514 893 2776 957 blancus
2814 895 2911 956 81'
2950 895 3159 957 Incert
3195 895 3269 957 in
3309 916 3371 957 π.
3409 893 3544 956 783.

1410 992 1568 1054 Εάᾱ.
1598 991 1886 1053 Manem
1913 992 1994 1054 ΙΙ
2022 991 2161 1053 587.
2192 992 2457 1054 Rom-sd
2482 992 2890 1071 Supplemem
2917 994 2960 1053 ὰ
2993 992 3547 1070 (Dum)‚00rpe

1410 1090 1568 1169 dipl.
1613 1087 1652 1149 I
1697 1091 1752 1162 1,
1798 1089 1935 1151 126.
1993 1088 2117 1150 Del
2158 1089 2422 1151 Giudice
2461 1088 2613 1150 Ood.
2653 1089 2833 1166 Dipl.
2878 1090 2957 1150 II
2998 1091 3058 1163 1,
3101 1088 3225 1150 118
3281 1090 3419 1165 (alle
3470 1108 3548 1148 zu

1414 1188 1556 1249 Feb.
1599 1186 1723 1263 15).
1806 1186 1995 1264 Reqq.
2039 1187 2117 1248 P.
2159 1187 2365 1248 20270
2409 1189 2513 1263 (zu
2552 1187 2697 1248 Feb.
2742 1186 2865 1264 15).
2911 1187 3155 1247 Jordan
3196 1207 3261 1247 n.
3304 1187 3478 1248 1352.

1094 1383 1230 1445 779.
1926 1415 1935 1423 -
2709 1383 2968 1455 Vita-bc,
3012 1383 3093 1443 17
3133 1382 3328 1460 April
3366 1381 3542 1444 1268.

1209 1479 1577 1542 Clemens
1619 1481 1727 1542 IV
1781 1481 2095 1541 universis
2135 1481 2201 1539 in
2250 1480 2482 1540 Tuscis
2530 1479 2831 1539 subiectis
2885 1481 3172 1558 imperio.
3271 1478 3547 1539 Nuntiat

1092 1597 1159 1638 se
1201 1577 1496 1639 Carolum
1538 1597 1746 1656 regem
1791 1576 1999 1638 Sicilie
2042 1577 2453 1637 constituisse
2510 1577 2821 1637 vicarium
2877 1578 3127 1655 imperii
3180 1579 3247 1638 in
3293 1577 3543 1637 Tuscia.

1092 1676 1198 1735 «A
1240 1675 1445 1735 multo
1487 1681 1774 1752 tempore
1795 1695 1844 1736 ›>.
1923 1673 2082 1736 Dat.
2126 1672 2401 1734 Viterbii
2444 1673 2567 1735 XV
2609 1673 2735 1734 kal.
2780 1673 2953 1748 maii,
2999 1680 3179 1752 pont.
3223 1673 3384 1734 IIII.

1412 1772 1548 1833 San
1588 1771 1968 1849 Gimiynano
2011 1770 2247 1833 AOom.
2290 1770 2475 1832 Liber
2515 1771 2774 1831 blancus
2814 1771 2912 1832 81'
2953 1772 3159 1832 Insere
3189 1772 3265 1833 in
3301 1791 3363 1832 n.
3411 1770 3542 1831 783.

1411 1868 1526 1934 Ed.
1560 1868 1844 1930 Martem
1871 1868 1946 1929 ΙΙ
1979 1867 2102 1930 588
2127 1872 2227 1945 (zu
2248 1868 2392 1928 Feb.
2417 1868 2540 1946 15).
2605 1868 2790 1946 Reyq.
2816 1869 2890 1930 P.
2914 1868 3114 1930 20271
3142 1872 3241 1945 (zu
3261 1869 3403 1929 Feb.
3421 1868 3543 1945 15).

1410 1966 1655 2026 Jordan
1694 1986 1758 2026 n.
1800 1965 1981 2027 1353.

1097 2164 1234 2225 780.
2718 2159 3016 2232 Vo'lterra,
3058 2160 3141 2221 19
3177 2161 3325 2221 Juli
3364 2157 3539 2221 1268.

1209 2260 1702 2322 MCCLXVIIII
1746 2260 2100 2320 secundum
2159 2276 2417 2321 cursum
2462 2257 2683 2321 Sancti
2724 2258 3030 2331 Miniatis‚
3086 2258 3220 2319 ind.
3264 2257 3387 2330 XI,
3441 2256 3542 2317 die

1090 2359 1252 2419 iovis
1295 2356 1562 2419 XVIIII
1611 2357 1717 2418 iul.
1802 2355 2127 2418 Gerardus
2165 2356 2579 2436 Cristophani
2619 2357 2699 2417 de
2726 2354 3040 2426 corbana,
3072 2356 3244 2417 Nesa
3285 2355 3542 2416 Martini

1090 2457 1170 2517 de
1211 2456 1410 2517 Fiurli
1451 2455 1786 2517 districtus
1826 2455 2027 2525 Vult„
2069 2454 2352 2515 Nuccius
2382 2455 2461 2515 de
2490 2457 2666 2516 curia
2700 2455 2941 2517 Montis
2982 2452 3234 2517 Vultrai
3276 2453 3545 2514 confessi

1090 2556 1354 2617 fuerunt
1391 2574 1460 2615 se
1501 2574 1647 2615 cum
1691 2554 1921 2616 Ciardo
1961 2553 2044 2614 de
2085 2552 2324 2615 Sancto
2359 2555 2633 2615 Miniato
2660 2562 2727 2615 et
2754 2553 2894 2613 aliis
2921 2555 3161 2629 cepisse
3190 2551 3543 2632 Pingellum

1092 2654 1395 2714 comitem
1436 2653 1517 2713 de
1557 2651 2083 2731 Gangalandi
2110 2653 2152 2730 ¹)
2196 2658 2386 2713 nocte
2426 2652 2553 2712 diei
2597 2653 2889 2713 mercurii
2930 2649 3163 2711 XVIII
3206 2651 3316 2711 iul.
3399 2650 3523 2709 Act

1099 2750 1269 2810 Vult.
1379 2748 1734 2811 Gerardino
1780 2750 2013 2811 nuntio
2061 2750 2352 2810 comunis
2400 2749 2575 2811 Vult.
2634 2748 2887 2810 Aliocto
2939 2748 3269 2810 Iohannis.
3327 2746 3547 2807 Nardc

1090 2848 1405 2927 Aringerii
1444 2848 1527 2910 de
1569 2846 1745 2911 Vult.
1791 2854 1871 2908 tt.
1955 2847 2278 2927 Henrigus
2320 2847 2647 2909 Borromei
2692 2854 2826 2907 not.

1411 2947 1673 3008 florem
1714 2945 1864 3006 Ast.
1912 2946 2097 3023 (Volt.
2141 2945 2304 3007 1269
2350 2945 2489 3008 VII
2530 2945 2629 3018 19,
2671 2965 2734 3007 n.
2779 2943 2923 3021 886)
2967 2944 3136 3023 Oria.

1095 3146 1231 3206 781.
2656 3141 2952 3214 Voltma,
2993 3142 3034 3203 2
3075 3143 3324 3220 Aaou-st
3363 3141 3543 3204 1268.

1209 3235 1866 3309 MOOLXV111,ind.
1911 3235 2137 3309 XLII
2168 3256 2269 3316 ag.
2355 3236 2480 3297 Pro
2521 3235 2785 3307 assaltu,
2817 3255 3010 3314 quem
3047 3236 3345 3298 Gibellini
3384 3235 3545 3296 fece·

1089 3342 1242 3397 runt
1267 3337 1336 3396 in
1364 3336 1563 3396 Prato
1603 3335 1859 3406 Mai-tic,
1901 3333 2275 3396 Bonifatius
2316 3333 2397 3395 de
2440 3334 2863 3396 Pannocchiis
2891 3334 3012 3394 Dei
3041 3343 3109 3394 et
3133 3336 3312 3414 regia
3336 3334 3544 3413 gratia

1089 3438 1472 3512 potestas
1513 3433 1749 3502 Vult„
1793 3434 2069 3502 amiani,
2117 3450 2411 3504 comune,
2453 3432 2787 3493 consilium
2829 3436 3222 3505 statuerunt,
3262 3431 3452 3511 quod,
3490 3432 3544 3490 si

1089 3532 1234 3610 quis
1262 3531 1344 3591 de
1371 3529 1698 3599 masnada,
1722 3549 1848 3608 que
1869 3545 2009 3591 erat
2033 3529 2345 3591 Vulterris
2366 3533 2432 3591 in
2455 3530 2803 3591 aiutorium
2826 3530 3134 3596 comunis.
3159 3527 3436 3608 aliquem
3464 3529 3545 3589 de

1090 3627 1421 3690 Gibellinis
1448 3633 1514 3687 et
1540 3626 1881 3688 rebellibus
1924 3633 2202 3706 caperet,
2247 3626 2508 3697 faceret,
2551 3628 2860 3707 quicquid
2887 3626 3203 3706 placuerit
3230 3626 3310 3688 de
3343 3646 3440 3698 ec,
3470 3632 3545 3686 ut

1091 3731 1277 3804 patet
1315 3725 1384 3786 in
1425 3727 1586 3786 actis
1626 3727 1934 3786 comunis
1979 3724 2197 3802 Aliqui
2239 3725 2320 3785 de
2361 3725 2674 3786 masnada
2714 3732 3024 3803 ceperunt
3066 3726 3419 3805 Piggellum
3466 3723 3545 3784 de

1092 3822 1435 3884 comitibus
1478 3822 1557 3882 de
1600 3822 2004 3902 Gangalandi
2046 3829 2115 3883 et
2170 3830 2435 3901 captum
2494 3823 2821 3883 duxerunt
2860 3823 3036 3884 Vult.
3088 3843 3166 3883 ex
3222 3823 3543 3890 conflictu,

1090 3939 1283 3998 quem
1322 3920 1816 3984 substinuerunt
1858 3919 2178 3993 Gibellini;
2225 3939 2497 3982 comune
2539 3940 2685 3980 eum
2726 3920 2882 3998 ipsis
2925 3921 3195 3982 abstulit
3222 3927 3290 3982 et
3316 3921 3383 3982 in
3410 3938 3543 3981 car-

1089 4018 1339 4080 ceribus
1378 4019 1648 4091 detinet;
1693 4018 2080 4080 masnaderii
2124 4027 2454 4080 cesserunt
2494 4020 2634 4079 iura
2674 4019 2741 4079 in
2781 4039 2931 4080 eum
2961 4018 3265 4097 Malpillio
3291 4019 3546 4098 Arrighi

1088 4117 1171 4178 de
1214 4120 1450 4181 Sancto
1491 4118 1777 4189 Minium,
1823 4117 1934 4195 qui
1974 4117 2313 4194 requisivit
2354 4137 2646 4190 comune,
2690 4118 2865 4196 quod
2892 4138 3039 4179 eum
3077 4119 3460 4191 restitueret;
3491 4122 3544 4177 si

1089 4235 1239 4288 non,
1287 4216 1373 4277 sd
1411 4217 1512 4276 ius
1555 4214 2065 4295 cognoscendum
2110 4234 2324 4275 coram
2369 4216 2533 4294 regis
2575 4216 2789 4277 Catuli
2831 4218 3102 4289 vicatim
3133 4218 3187 4276 si
3214 4235 3427 4278 coram
3470 4234 3546 4275 eo

1089 4313 1352 4386 nollent,
1398 4332 1614 4375 coram
1656 4314 1910 4374 comuni
1974 4312 2142 4373 Flor.
2209 4313 2271 4374 Si
2337 4315 2556 4376 omnia
2614 4314 2821 4374 facere
2882 4314 3145 4386 nollent,
3204 4315 3546 4375 extimavit

1087 4411 1444 4489 dampnum
1490 4430 1676 4471 suum
1719 4412 1786 4471 in
1827 4409 1892 4469 M
1935 4430 2130 4472 marc.
2176 4430 2311 4490 arg.
2415 4411 2560 4471 Act.
2610 4410 2788 4474 Vult.
2846 4415 2912 4472 in
2974 4412 3257 4472 claustro
3316 4409 3546 4473 domus

1241 4628 1282 4692 ¹)
1335 4617 1474 4678 Uber
1512 4629 1616 4678 den
1659 4628 2108 4691 ahibollindschen
2155 4628 2522 4678 Handetreich
2545 4630 2645 4689 au!
2676 4629 2917 4678 Volcei-ra
2952 4629 3201 4678 wcihrcml
3235 4628 3327 4678 deo
3364 4629 3547 4691 Zuqec

1087 4717 1416 4766 Konradins
1441 4732 1543 4766 von
1566 4716 1737 4766 Siena
1763 4716 1900 4766 nach
1932 4717 2145 4766 Viterbo
2180 4716 2325 4766 siche
2363 4716 2621 4766 «Bistam
2670 4717 2783 4766 und
2811 4715 3276 4776 Geldwirtechatt»
3308 4716 3379 4764 II
3423 4716 3547 4766 308.
