4000 5700
1107 455 1214 507 280
1753 452 2197 507 REGESTUM
2234 452 2342 504 VO
2350 452 2853 506 LATERRANU
2862 454 2919 504 M

1113 547 1518 555 ——-..--..—-—-—-
1575 546 1634 551 ---
2924 546 3567 553 —-—-...—-...—-

1107 652 1247 711 830.
2167 649 2384 709 Brozzi
2427 648 2546 726 (bei
2587 649 2891 724 florem),
2936 648 2977 709 8
3014 649 3339 709 Dezember
3378 650 3564 710 1276.

1231 748 1652 825 Raynerio
1707 766 1803 823 ep.
1860 746 2036 807 Vult.
2093 742 2405 825 plebanus
2459 746 2540 807 de
2585 746 2824 806 Brozzo
2866 746 3032 806 Flor.
3062 747 3347 807 diocesis.
3432 747 3566 807 No-

1107 845 1329 904 veritis
1358 862 1473 904 nos
1502 863 1581 904 ex
1610 845 1956 905 actoritate
1974 844 2339 904 litterarum
2378 842 2687 904 Iohannis
2718 842 2887 904 XXI
2917 845 3299 904 insertarum
3328 846 3369 918 ¹)
3402 843 3567 904 iudi-

1105 962 1244 1003 cem
1286 942 1656 1022 delegatum
1699 962 1850 1002 esse.
1894 940 2302 1013 Mandemus,
2347 947 2422 1001 ut
2483 941 2804 1003 Florentia
2859 943 3301 1020 compareatis,
3411 942 3565 1003 Dat.

1106 1039 1283 1119 apud
1322 1039 1575 1118 plebem
1616 1040 1698 1100 de
1737 1040 1979 1101 Brozzo
2022 1038 2187 1100 VIII
2230 1039 2384 1111 dec„
2433 1039 2954 1116 (MCCLXXVI).

1432 1138 1636 1199 Insert
1675 1138 1746 1198 in
1789 1158 1853 1198 π.
1899 1137 2039 1199 831.

1108 1338 1247 1395 831.
2558 1334 2851 1407 Volterra,
2894 1333 2977 1394 10
3015 1331 3342 1394 Daember
3380 1333 3563 1394 1276.

1228 1435 1585 1494 Gianninus
1628 1434 1708 1494 de
1749 1433 1986 1511 populo
2030 1453 2076 1493 s.
2108 1433 2171 1494 N
2173 1432 2439 1493 iccholai
2465 1431 2546 1492 de
2572 1432 2919 1505 Florentia,
2950 1438 3329 1512 procurator
3351 1431 3569 1492 factus

1108 1551 1150 1592 a
1193 1531 1359 1591 Dino
1401 1530 1709 1592 Iohannis
1750 1552 1866 1611 pro
1908 1551 1975 1592 se
2017 1539 2083 1591 et
2124 1531 2351 1609 Ugone
2393 1529 2585 1611 Spine
2627 1536 2692 1589 et
2733 1532 2921 1591 sociis
2956 1530 3204 1591 civibus
3232 1537 3299 1590 et
3328 1549 3566 1590 merca-

1107 1629 1356 1690 toribus
1397 1628 1563 1689 Flor.
1591 1628 1659 1705 ¹),
1707 1633 2105 1707 presentavit
2151 1629 2324 1707 apud
2368 1631 2742 1689 canonicam
2798 1628 2972 1689 Vult.
3017 1627 3270 1689 litteras
3310 1627 3569 1706 plebani

1107 1728 1187 1788 de
1231 1728 1473 1787 Brozzo
1515 1727 1930 1807 Raynerio
1972 1748 2070 1807 ep.
2120 1727 2289 1788 Vult.
2333 1728 2627 1789 directas.
2671 1726 2875 1787 Facta
2903 1726 3386 1805 representatio‚
3417 1745 3569 1786 cum

1107 1845 1203 1904 ep.
1248 1825 1318 1885 in
1358 1829 1529 1883 terra
1574 1844 1706 1887 non
1747 1830 1932 1892 esset.
1969 1823 2375 1903 presentibus
2403 1822 2681 1885 testibus
2708 1824 2883 1885 Bene
2911 1824 3016 1902 qd.
3048 1823 3215 1883 Pieri
3242 1822 3322 1882 de
3351 1822 3566 1885 Fatal-

1106 1922 1278 1983 liano
1319 1920 1650 1982 districtus
1690 1922 1864 1983 Vult.
1909 1922 2233 1983 Mainecto
2272 1922 2519 2002 Ugonis
2559 1921 2839 1983 Altoviti
2889 1921 3113 1983 iudice.
3173 1918 3568 2000 Sengnorino

1111 2019 1404 2081 Donzelli
1444 2020 1667 2099 populi
1709 2020 1913 2100 plebis
1953 2021 2034 2082 de
2078 2021 2320 2100 Campi.
2366 2020 2647 2082 Enricho
2687 2027 2756 2081 et
2805 2019 3144 2082 Guillelmo
3198 2038 3335 2079 can.
3386 2017 3564 2080 Vult.

1103 2117 1579 2191 MCCLXXVI,
1621 2119 1753 2181 ind.
1801 2120 1886 2191 X,
1930 2121 2034 2181 die
2076 2120 2239 2181 iovis
2283 2119 2347 2179 X
2388 2120 2521 2180 dec.
2609 2118 2883 2180 Iacobus
2925 2118 3029 2196 qd.
3075 2117 3315 2179 Ubaldi
3370 2118 3567 2178 iudex

1107 2221 1172 2277 et
1216 2219 1346 2275 not.

1435 2314 1589 2376 Volt.
1636 2315 1876 2377 AVesc.
1922 2335 1973 2375 3.
2006 2314 2193 2375 XIII
2222 2315 2345 2376 dec.
2391 2315 2430 2375 8
2469 2334 2530 2376 n.
2577 2314 2655 2375 48
2695 2314 2868 2391 Oriq.

1105 2511 1243 2571 832.
2616 2511 2915 2583 Volterra,
2958 2509 3039 2571 28
3078 2511 3337 2570 Januar
3379 2510 3562 2570 1277.

1229 2609 1677 2671 Rainerius
1733 2630 1830 2687 ep.
1876 2596 2063 2670 Vult.
2100 2629 2213 2688 per
2252 2628 2319 2670 se
2373 2615 2441 2670 et
2482 2627 2870 2669 successores
2926 2627 3234 2669 consensu
3277 2606 3564 2686 capituli,

1105 2706 1345 2767 scilicet
1387 2706 1659 2775 Rustici,
1707 2707 1993 2780 Baronis‚
2042 2706 2380 2777 Guilielmi,
2426 2707 2630 2784 Arrigi
2689 2706 3113 2767 asserentium
3166 2704 3379 2784 plures
3436 2724 3568 2767 non

1104 2804 1377 2865 residere
1418 2803 1504 2865 ad
1542 2823 1801 2884 presens
1845 2806 2184 2866 canonicos
2226 2805 2292 2865 in
2332 2804 2501 2875 eccl„
2546 2812 2609 2863 ct
2654 2802 2878 2864 Gullus
2934 2803 3038 2882 qd.
3088 2802 3434 2882 Ruggerini
3485 2801 3566 2862 de

1107 2902 1282 2964 Vult.
1327 2903 1611 2963 sindicus
1651 2903 1939 2963 comunis
1981 2902 2156 2963 Vult.
2189 2905 2766 2982 compromiserunt
2792 2902 2860 2961 in
2890 2901 3264 2961 Rainerium
3292 2900 3399 2980 qd.
3431 2900 3564 2960 Ru·

1108 2999 1387 3072 stichini‚
1433 2999 1875 3061 Bonacursum
1904 2999 2010 3078 qd.
2041 2999 2392 3079 Ruggerini
2420 3005 2488 3060 et
2515 2998 2887 3060 Seracinum
2916 2997 3021 3075 qd.
3053 2997 3247 3058 Scudi
3277 2999 3359 3058 de
3386 2997 3562 3057 Vult.

1104 3097 1339 3159 fratres
1381 3098 1460 3158 de
1501 3100 1863 3176 penitentia
1887 3098 1933 3173 ⁸)
1979 3104 2318 3176 tamquam
2361 3097 2776 3158 arbitratores
2831 3097 3000 3158 inter
3041 3115 3136 3172 ep.
3181 3102 3249 3154 et
3290 3113 3564 3156 comune

1109 3197 1441 3256 occasione
1481 3196 1912 3257 demolitionis
1956 3197 2151 3256 castri
2191 3195 2271 3256 de
2315 3196 2690 3272 Berignone3
2734 3194 2993 3271 frodi⁴)‚
3039 3193 3215 3273 quod
3257 3195 3423 3271 petit
3465 3213 3562 3271 ep.

1107 3315 1144 3352 a
1187 3292 1435 3353 civibus
1477 3292 1880 3354 naturalibus
1920 3293 2001 3353 de
2043 3293 2216 3354 Vult.
2260 3299 2329 3354 et
2369 3295 2499 3353 suis
2542 3291 3075 3352 descendentibus
3117 3290 3565 3351 habitantibus

1105 3392 1171 3451 in
1214 3390 1762 3468 Ripamarrancia;
1804 3389 1990 3463 frodi,
2036 3389 2211 3468 quod
2238 3390 2405 3469 petit
2432 3389 2515 3449 ab
2545 3389 2910 3450 hominibus
2937 3389 3017 3449 de
3045 3387 3442 3466 Lustignano
3469 3387 3564 3447 di-

1106 3486 1543 3548 strictualibus
1599 3487 1774 3548 Vult.
1833 3489 2157 3559 comunis;
2215 3487 2597 3556 bannorum,
2652 3506 3048 3549 excessuum.
3107 3486 3564 3546 maleficiorum

1106 3586 1710 3663 compromissorum
1749 3586 1818 3646 in
1858 3587 2087 3647 castris
2128 3586 2208 3646 de
2250 3586 2768 3664 Ripamarancia‚
2811 3583 3287 3657 Montecerboli,
3317 3583 3564 3656 Leccia,

1105 3683 1295 3750 Saxo,
1341 3685 1713 3756 Scraczanm
1758 3683 2166 3762 quorundam
2208 3684 2544 3744 hominum
2584 3683 2777 3743 castri
2817 3682 2900 3742 de
2941 3681 3300 3759 Berignone
3326 3681 3565 3742 exban·

1105 3782 1388 3841 nitorum
1432 3781 1721 3842 comunis
1763 3781 1959 3854 Vult.;
2006 3782 2343 3842 arbitrium
2386 3780 2749 3841 confirmari
2787 3777 3026 3840 debeat
3056 3798 3170 3860 per
3198 3797 3431 3856 papam
3464 3778 3568 3838 vel

1107 3878 1499 3958 delegatum;
1541 3898 1683 3958 pen.
1728 3878 1876 3940 CCC
1918 3899 2110 3940 marc.
2156 3899 2290 3958 arg.
2374 3880 2516 3939 Act.
2562 3878 2735 3938 Vult.
2782 3879 2849 3937 in
2888 3876 3082 3937 choro
3118 3877 3374 3937 maioris
3416 3877 3564 3936 eccl.

1108 3976 1478 4037 Primerano
1517 3978 1794 4056 plebano
1836 3979 1915 4039 de
1959 3978 2471 4058 Ripamarancia.
2520 3976 2731 4037 Presb.
2794 3976 2977 4036 Bono
3034 3981 3277 4035 rectore
3319 3975 3467 4036 cccl.
3513 3994 3563 4034 s.

1107 4074 1457 4135 Alesandri.
1503 4076 1722 4136 Presb.
1766 4077 2057 4137 Ventura
2100 4077 2181 4137 de
2221 4096 2269 4137 s.
2314 4075 2575 4136 Lazaro.
2621 4073 2975 4135 Gerardino
3030 4074 3321 4152 operario
3375 4091 3568 4152 opere

1105 4192 1152 4232 s.
1198 4172 1396 4233 Marie
1424 4174 1504 4234 de
1545 4173 1720 4235 Vult.
1767 4174 2055 4235 Iohanne
2098 4174 2177 4234 de
2219 4172 2518 4234 Bononia
2553 4172 2764 4233 iudice
2803 4177 2869 4230 et
2918 4189 3230 4232 assessore
3277 4171 3567 4230 comunis

1254 4407 1296 4473 ι)
1337 4408 1484 4459 Oben
1517 4426 1571 4460 η.
1615 4413 1736 4460 826.
1921 4411 1965 4475 ¹¹)
2005 4411 2162 4460 Sv'ehe
2212 4410 2299 4458 die
2350 4409 2526 4471 voriqc
2576 4409 2841 4456 Nummer
2882 4406 2997 4455 und
3034 4406 3312 4455 besonders
3348 4419 3402 4455 n.
3444 4406 3564 4455 8:26.

1107 4495 1155 4562 ³)
1192 4498 1328 4548 Dies
1363 4499 1491 4549 sind
1525 4500 1614 4550 die
1651 4501 1943 4551 Tertiarier
1978 4515 2097 4549 vom
2138 4500 2315 4548 Orden
2350 4499 2442 4548 des
2478 4498 2528 4547 h.
2569 4498 2767 4556 Franz,
2794 4495 2937 4545 siche
2978 4496 3047 4544 K.
3078 4494 3287 4544 Malla
3309 4494 3565 4557 ΑηΙᾶπρε

1106 4586 1201 4635 des
1255 4589 1746 4640 Minorieenordens
1801 4591 1915 4639 und
1969 4590 2061 4639 der
2116 4587 2691 4645 Bussbruderschalten
2747 4585 3033 4649 (Freiburq
3093 4585 3257 4648 1885)
3317 4584 3571 4657 130-160.

1105 4676 1150 4746 ⁴)
1201 4697 1268 4723 ·-.-
1308 4679 1468 4731 fodri.
