4000 5700
1070 542 1394 596 REGEST
1404 542 1520 596 UM
1560 540 1881 595 VOLATE
1892 541 2245 595 RRANUM
2785 539 2896 592 239

425 739 597 801 bassi
638 739 898 800 comuni
939 737 1263 799 vendatur
1302 739 1513 816 pretio
1553 737 1948 799 condecenti.
2049 738 2333 799 Comune
2389 737 2532 797 vult
2581 736 2700 797 sibi
2744 755 2888 796 con·

424 837 565 898 cedi
603 840 859 915 partem
901 837 1312 915 episcopatus
1354 836 1433 895 de
1460 835 1936 916 Montetignoso
1962 842 2033 897 et
2062 835 2475 896 medietatem
2506 833 2713 895 doane
2741 833 2892 895 salis

423 941 492 996 et
531 934 778 996 salarie.
884 933 1147 994 Electus
1188 935 1445 994 comuni
1500 934 1816 994 concedat
1870 933 2377 994 iurisdictionem
2435 935 2501 992 in
2555 929 2888 1005 Vulterris,

426 1039 641 1092 castro
681 1029 905 1093 Sancti
948 1028 1311 1093 Geminiani
1350 1036 1417 1092 et
1459 1031 1681 1093 Monte
1721 1031 2051 1092 Volteraio
2092 1031 2176 1091 ad
2218 1029 2272 1090 L
2301 1049 2522 1091 annos.
2623 1027 2887 1090 Electus

425 1130 662 1191 debeat
698 1129 909 1190 facere
950 1131 1306 1192 exercitum
1347 1135 1415 1190 et
1455 1129 1857 1191 cavalcatam
1901 1134 2131 1191 contra
2172 1130 2462 1190 inimicos
2489 1127 2779 1188 comunis
2805 1128 2890 1188 ad

428 1229 564 1289 eius
605 1225 1009 1289 voluntatem
1053 1234 1122 1287 et
1162 1229 1298 1287 eius
1338 1227 1556 1288 hostes
1599 1246 1747 1288 suos
1790 1225 2046 1290 habere.
2131 1227 2417 1289 Comune
2470 1226 2689 1297 faciat,
2731 1225 2892 1306 quid

431 1324 609 1395 velit,
651 1325 733 1385 de
774 1325 1153 1404 episcopatu
1196 1329 1423 1385 contra
1463 1324 1769 1386 inimicos.
1856 1323 2289 1403 Episcopatus
2331 1342 2462 1384 non
2502 1322 2707 1401 possit
2747 1321 2889 1383 Flo·

428 1420 697 1483 rentinis
738 1422 1059 1483 divietum
1099 1420 1310 1482 facere
1350 1421 1432 1481 de
1476 1419 1809 1482 mercibus.
1897 1422 2159 1482 Electus
2200 1420 2397 1500 eligat
2425 1425 2785 1500 potestates
2811 1420 2894 1481 de

428 1518 777 1588 Florentia,
821 1520 932 1597 qui
974 1520 1105 1578 sint
1147 1519 1342 1579 amici
1379 1520 1689 1579 comunis,
1772 1520 2060 1580 Comune
2100 1518 2305 1599 possit
2345 1536 2572 1596 capere
2599 1518 2893 1577 inimicos

430 1618 497 1677 in
540 1617 934 1695 episcopatu,
977 1617 1149 1676 sicut
1174 1617 1244 1677 in
1284 1616 1469 1676 terris
1508 1614 1659 1676 suiS.
1743 1614 2103 1678 Florentini
2143 1614 2392 1694 possint
2435 1613 2630 1675 libere
2681 1614 2772 1674 ire
2824 1619 2893 1674 et

432 1698 672 1775 merces
713 1719 1153 1794 transportare
1213 1732 1329 1792 per
1382 1715 1825 1792 episcopatum
1880 1719 1950 1775 et
2005 1711 2095 1774 ibi
2149 1713 2436 1775 mercari.
2539 1710 2893 1774 Florentini

431 1813 682 1891 possint
723 1829 983 1884 merces,
1012 1830 1178 1889 quas
1215 1830 1364 1871 cum
1406 1811 1546 1872 aliis
1587 1811 1878 1883 fecerint,
1915 1810 2113 1872 libere
2140 1810 2535 1871 Florentiam
2566 1815 2892 1887 transpor-

435 1916 593 1971 tare.
677 1908 744 1970 Si
786 1908 1042 1971 robatio
1082 1908 1218 1982 fiat,
1250 1910 1645 1970 emendetur.
1730 1907 2045 1971 Homines
2072 1908 2362 1971 comunis
2388 1908 2639 1987 possint
2667 1910 2736 1969 in
2762 1908 2892 1986 epi·

434 2012 702 2085 scopatu
748 2006 833 2068 ab
875 2005 1242 2067 hominibus
1283 2013 1467 2068 extra
1508 2007 1954 2086 episcopatum
1999 2007 2226 2084 positis
2266 2024 2454 2065 suum
2490 2024 2679 2066 avere
2719 2023 2894 2066 recu·

434 2123 675 2184 perare,
720 2110 787 2164 et
829 2104 1119 2164 homines
1160 2105 1567 2183 episcopatus
1607 2123 1715 2164 eos
1744 2123 1973 2183 capere
2003 2109 2348 2164 teneantur
2377 2102 2460 2162 ad
2490 2102 2893 2164 voluntatem

434 2201 745 2262 comunis,
832 2202 1117 2262 Comune
1157 2202 1363 2279 possit
1400 2200 1471 2262 in
1508 2201 1886 2281 episcopatu
1927 2205 2143 2261 castra
2193 2198 2405 2260 facere
2446 2204 2514 2259 et
2551 2199 2893 2277 possidere.

436 2298 697 2359 Electus
740 2304 1040 2375 procuret
1079 2318 1182 2377 ap.
1229 2298 1394 2359 sedis
1435 2317 1830 2360 consensum.
1915 2298 2273 2377 Episcopus
2315 2296 2548 2357 debeat
2591 2296 2741 2356 dare
2771 2298 2893 2373 pri-

438 2393 671 2474 vilegia
711 2415 828 2455 sua
869 2394 1122 2473 publice
1163 2393 1527 2474 exemplata
1568 2400 1637 2455 et
1679 2413 1903 2455 cavere
1946 2395 2025 2454 de
2067 2395 2284 2456 dando
2325 2392 2410 2453 ad
2449 2392 2786 2453 utendum.

767 2493 927 2555 Volt.
975 2493 1213 2557 AVesc.
1257 2513 1308 2553 s.
1353 2491 1542 2552 XIII
1572 2492 1745 2570 App.
1776 2492 1937 2553 Rau.
1970 2511 2033 2552 π.
2064 2492 2104 2553 3
2132 2491 2303 2567 Oriq.
2339 2491 2517 2569 (wohl
2562 2492 2893 2567 Entwurj).

761 2590 877 2652 Ed.
923 2587 1145 2652 Giachi
1179 2593 1190 2622 ¹
1226 2590 1347 2651 145
1374 2615 1453 2646 =
1483 2594 1500 2619 ³
1531 2589 1666 2651 459.

441 2831 576 2894 713.
2074 2831 2254 2904 Rom,
2299 2832 2377 2892 21
2420 2832 2677 2893 Jcmuar
2716 2830 2896 2893 1261.

562 2928 1032 2990 Alexander
1074 2930 1179 2990 IV
1222 2929 1731 2990 comunitatibus
1774 2935 2133 2991 castrorum
2176 2935 2243 2989 et
2270 2929 2551 2990 locorum
2583 2929 2897 2990 subiecto-

441 3048 583 3088 rum
629 3027 1066 3105 temporaliter
1109 3026 1256 3088 eccl.
1290 3028 1467 3088 Vult.
1550 3027 1711 3089 Cum
1744 3028 2108 3108 Raynerius
2136 3027 2373 3089 electus
2402 3027 2578 3090 Vult.
2609 3028 2904 3108 regimini

441 3126 718 3200 cesserit,
765 3127 1025 3185 nuntiat
1067 3144 1133 3184 se
1186 3124 1613 3186 Albertum
1661 3126 2003 3186 archidiac.
2051 3127 2536 3195 Bononiensem,
2580 3126 2897 3186 consobri-

442 3243 599 3285 num
642 3221 1038 3300 O(ctaviani)
1083 3243 1127 3282 S.
1174 3222 1372 3283 Marie
1412 3223 1478 3284 in
1521 3223 1641 3284 Via
1683 3223 1819 3284 lata
1861 3224 2026 3284 diac.
2071 3224 2262 3296 card..
2309 3225 2377 3284 in
2415 3243 2516 3302 ep.
2543 3222 2715 3284 Vult.
2761 3243 2899 3301 pre·

442 3320 683 3382 fecisse.
781 3321 952 3382 «Pre
993 3322 1215 3382 ceteris
1239 3341 1285 3380 ι).
1392 3321 1544 3380 Dat.
1587 3320 1893 3381 Laterani
1933 3321 2072 3382 XII
2128 3319 2256 3383 kal.
2313 3321 2464 3394 feb„
2522 3329 2703 3400 pont.
2753 3321 2895 3381 VII.

773 3418 931 3479 Vozt.
977 3417 1217 3479 AVa-ic.
1273 3437 1325 3478 s.
1370 3417 1559 3478 XIII
1614 3418 1735 3478 dec.
1785 3419 1821 3477 7
1861 3439 1925 3478 n.
1984 3419 2021 3478 1
2079 3418 2250 3494 Oriq.
2313 3418 2528 3494 <Bulla
2581 3418 2897 3492 verloren).

764 3517 878 3576 Ed.
925 3516 1143 3576 Giachi
1180 3519 1191 3547 ¹
1227 3515 1348 3576 178
1375 3542 1453 3571 =
1484 3521 1501 3546 ²
1531 3517 1667 3576 494.

445 3765 581 3828 714.
1870 3763 2236 3839 Beriqnone,
2283 3763 2363 3823 13
2402 3763 2682 3824 Februar
2722 3764 2898 3825 1261.

568 3862 1013 3923 Rainerius
1062 3861 1213 3921 olim
1270 3858 1447 3922 Vult.
1506 3860 1765 3934 electus,
1826 3861 2102 3920 vicarius
2161 3860 2406 3921 Alberti
2461 3860 2640 3923 Vult.
2698 3862 2901 3931 electi,

448 3960 731 4022 locamus
763 3958 1033 4019 Bondiei
1073 3965 1140 4019 et
1182 3959 1336 4018 Paci
1375 3957 1421 4018 f.
1452 3957 1560 4035 qd.
1593 3957 1952 4018 Deotisalvi
1978 3957 2047 4017 di
2075 3960 2539 4036 Magringnano
2567 3961 2632 4018 in
2660 3959 2902 4036 emphi-

446 4058 675 4119 teosim
718 4076 836 4135 pro
876 4062 964 4129 te,
1008 4056 1278 4117 Talento
1320 4061 1387 4116 et
1418 4056 1747 4116 Boristoro
1774 4053 2083 4116 fratribus
2113 4058 2261 4128 tuis,
2285 4057 2571 4117 Venture
2598 4056 2707 4134 qd.
2738 4055 2908 4117 Pieri

446 4174 564 4233 pro
606 4161 692 4228 te,
738 4155 989 4228 Gracia,
1035 4154 1247 4215 Guido
1287 4161 1355 4215 et
1395 4152 1755 4225 heredibu8‚
1803 4153 2008 4213 Rucio
2051 4152 2095 4213 f.
2131 4154 2235 4232 qd.
2271 4153 2703 4233 Bonsignoris,
2739 4153 2903 4213 Bon-

447 4253 699 4331 signore
740 4258 807 4312 et
850 4252 1111 4314 Ristoro
1160 4251 1268 4330 qd.
1327 4251 1653 4329 Paganelli
1706 4257 1775 4310 et
1828 4252 2110 4310 Accurso
2165 4251 2274 4330 qd.
2332 4251 2629 4311 Masnerii
2687 4270 2908 4312 omnes

448 4350 894 4429 possessiones,
941 4367 1106 4428 quas
1134 4349 1450 4410 habuistis
1479 4347 1563 4407 ab
1591 4348 1988 4427 episcopatu,
2021 4368 2138 4426 pro
2173 4368 2350 4426 pens.
2397 4349 2561 4409 VIII
2606 4349 2711 4409 lib.
2759 4348 2906 4409 den.

454 4448 578 4509 Pis.
609 4449 840 4508 minut.
885 4449 1047 4527 nigr.
1081 4446 1224 4508 Act.
1258 4446 1433 4526 apud
1463 4446 1890 4526 Berignonem
1918 4446 1985 4505 in
2014 4466 2283 4507 cassam.
2330 4446 2587 4507 Herveo
2614 4466 2754 4507 can.
2787 4447 2906 4506 Ve-

449 4550 729 4605 netense.
780 4543 1092 4603 Rainerio-
1124 4544 1443 4622 preposito
1487 4540 1706 4602 Sancti
1751 4542 2135 4604 Geminiani.
2183 4542 2512 4604 Tancredo
2547 4542 2772 4602 iudice.
2809 4545 2904 4603 Io-

451 4640 662 4701 hanne
704 4642 812 4719 qd.
860 4639 1057 4700 Blasii
1111 4640 1191 4701 de
1247 4641 1558 4700 Bononia.
1652 4638 1951 4710 MOCLV,
1996 4639 2131 4699 ind.
2179 4639 2339 4712 IIII,
2384 4640 2471 4700 id.
2515 4639 2641 4700 feb.
2743 4638 2905 4701 Ilde·

451 4737 805 4799 brandinus
847 4738 953 4817 qd.
1003 4738 1264 4800 Gerardi
1309 4744 1443 4798 not.
1530 4737 1711 4797 Idem
1759 4737 1998 4796 eisdem
2055 4737 2213 4797 facit
2269 4735 2627 4817 generalem
2670 4737 2908 4798 refuta·
