4000 5700
1138 459 1210 511 96
1786 454 2236 509 REGESTUM
2273 452 2960 508 VOLATERRANUM

1140 654 1437 718 brandini
1478 652 1872 724 Gonfalonis,
1921 652 2061 713 aliis
2102 658 2180 712 tt.
2268 651 2585 731 Rugerius
2629 650 2733 729 qd.
2774 650 3032 712 Viviani
3072 651 3465 713 consiliarius
3517 653 3600 713 de

1137 751 1315 830 001161
1350 752 1688 811 consensit.
1774 749 2066 810 Andreas
2109 748 2364 827 Herrigi
2405 750 2557 827 imp.
2602 754 2733 810 not.

1460 848 1721 909 Florenz
1762 847 1911 909 Ast.
1948 846 2141 923 (Colle
2183 845 2344 908 1206
2386 846 2425 905 Ι
2466 847 2570 921 10)
2615 846 2784 925 Oriq.
2878 845 3049 908 Colle
3092 846 3323 907 AGom.
3357 845 3596 908 Instru-

1460 946 1760 1006 mentario
1802 945 1841 1004 I
1882 945 1963 1005 15
2006 942 2157 1021 Cop.
2201 963 2250 1005 8.
2296 943 2485 1003 XIII
2528 944 2680 1005 med.

1136 1091 1279 1151 280.
2137 1086 2274 1147 San
2317 1086 2719 1165 GimiqnanO,
2762 1086 2845 1146 10
2869 1086 3003 1146 und
3028 1087 3109 1148 12
3135 1087 3391 1148 «Ianuar
3416 1085 3592 1149 1207

1256 1185 1536 1258 MCCVI,
1583 1183 1725 1247 IIII
1769 1185 1851 1246 id.
1899 1186 2048 1256 ian„
2091 1183 2221 1246 ind.
2270 1184 2351 1244 X.
2437 1183 2712 1244 Iacobus
2754 1184 2858 1262 qd.
2892 1183 3196 1245 Asseduti
3222 1184 3445 1246 consul
3486 1205 3595 1264 op·

1137 1284 1271 1363 pidi
1314 1283 1394 1344 de
1438 1282 1744 1345 Sancto
1797 1280 2292 1344 Geminiano
2331 1300 2450 1360 pro
2490 1301 2556 1341 se
2598 1289 2665 1341 et
2706 1281 2891 1342 sociis
2933 1279 3227 1342 Forciore
3268 1280 3371 1359 qd.
3417 1279 3593 1343 Man·

1136 1384 1310 1463 gerii,
1356 1381 1647 1443 Lotterio
1687 1381 1792 1460 qd.
1836 1379 2112 1441 Lotterii
2152 1381 2468 1441 concessit
2509 1378 2909 1441 Bernardino
2958 1377 3226 1439 Iannelli
3283 1381 3596 1458 potestati

1136 1491 1203 1543 et
1232 1482 1461 1543 rectori
1490 1482 1711 1560 oppidi
1740 1480 1823 1541 de
1851 1479 2076 1541 Colle
2111 1478 2529 1542 medietatem
2558 1480 2794 1542 terreni
2822 1487 2890 1539 et
2917 1479 3090 1539 curie
3119 1478 3270 1539 olim
3297 1478 3379 1538 de
3406 1477 3596 1539 Fusci

1137 1601 1216 1641 ex
1258 1580 1367 1641 illa
1407 1588 1592 1659 parte
1634 1580 1916 1642 fluminis
1957 1578 2039 1639 de
2081 1578 2271 1638 Fusci
2312 1598 2392 1639 ex
2434 1597 2510 1639 ea
2550 1584 2757 1657 parte,
2786 1597 2918 1657 qua
2944 1583 3043 1638 est
3071 1576 3336 1656 podium
3364 1577 3446 1637 de
3472 1577 3592 1638 Ta-

1137 1678 1410 1749 vernole,
1455 1678 1636 1738 salvo
1678 1678 1812 1738 11116
1855 1675 2059 1755 plebis
2103 1673 2324 1736 Sancti
2366 1675 2731 1737 Geminiani
2775 1676 2841 1736 in
2883 1674 3146 1735 ecclesia
3190 1674 3288 1735 vel
3318 1673 3593 1736 ecclesiis

1134 1778 1335 1837 curtis
1373 1776 1455 1836 de
1495 1775 1720 1848 Fusci3
1763 1794 1905 1853 pen.
1950 1773 2000 1835 C
2044 1793 2232 1834 marc.
2279 1793 2409 1853 arg.
2456 1771 2522 1834 Si
2563 1792 2835 1834 comune
2873 1772 3091 1834 Sancti
3119 1772 3485 1832 Geminiani
3513 1791 3595 1832 ex

1135 1874 1243 1935 illa
1282 1881 1469 1953 parte
1510 1874 1792 1935 fluminis
1832 1873 1913 1933 de
1968 1873 2158 1933 Fusci
2214 1872 2603 1950 acquisitum
2660 1870 2904 1942 fecerit,
2961 1889 3234 1931 comune
3287 1869 3370 1930 de
3422 1868 3594 1931 Colle

1133 1972 1391 2044 habeat,
1436 1978 1755 2051 quantum
1798 1971 2085 2031 evenerit
2126 1971 2193 2029 in
2235 1989 2352 2030 sua
2396 1968 2758 2029 medietate.
2804 1967 3078 2029 Podium
3109 1968 3305 2028 castri
3334 1965 3484 2028 olim
3512 1966 3597 2028 de

1135 2071 1324 2131 Fusci
1364 2079 1433 2132 et
1474 2070 1737 2149 podium
1782 2069 1862 2130 de
1905 2069 2181 2130 Bibiano
2223 2068 2523 2129 comunia
2565 2074 2908 2129 teneantur
2948 2076 3017 2127 et
3071 2066 3162 2128 ibi
3215 2073 3428 2127 castra
3482 2085 3594 2145 per

1133 2188 1405 2230 comune
1446 2168 1667 2229 Sancti
1710 2167 2076 2230 Geminiani
2118 2186 2248 2227 non
2290 2165 2470 2226 fiant.
2556 2164 2697 2225 Act.
2744 2165 2810 2225 in
2852 2164 3090 2243 oppido
3132 2162 3352 2225 Sancti
3380 2162 3594 2225 Gemi-

1133 2268 1309 2327 niani
1338 2269 1406 2327 in
1432 2268 1628 2328 domo
1655 2266 1964 2328 comunis.
2051 2264 2367 2326 Guidotto
2408 2262 2513 2342 qd.
2545 2261 2833 2324 Lotterii.
2869 2263 3150 2341 Rugerio
3176 2262 3281 2342 qd.
3314 2261 3586 2322 Viviani.

1134 2363 1296 2426 Pero
1335 2365 1416 2426 de
1457 2364 1629 2426 Colle
1672 2373 1748 2425 tt.
1836 2363 2093 2425 Forcior
2133 2369 2201 2422 et
2241 2359 2568 2422 Lotterius
2608 2368 3071 2422 consenserunt
3153 2361 3220 2422 in
3255 2359 3448 2420 domo
3489 2379 3590 2419 co·

1136 2465 1348 2524 munis
1431 2483 1647 2524 coram
1697 2461 2015 2525 Guidotto
2058 2461 2234 2523 dicto
2278 2466 2346 2520 et
2386 2458 2612 2520 Albizo
2666 2458 2771 2537 qd.
2818 2457 3113 2518 Ranaldi.
3201 2457 3277 2519 11·
3324 2455 3406 2518 id.
3466 2458 3590 2518 ian.

1135 2560 1421 2621 Andreas
1464 2559 1719 2641 Herrigi
1760 2559 1866 2637 qd
1913 2560 2063 2637 imp.
2111 2567 2243 2619 not.

1452 2659 1711 2719 Florenz
1750 2656 1902 2717 Ast.
1951 2655 2147 2732 (Colle
2190 2655 2352 2717 1206
2394 2655 2430 2714 Ι
2473 2655 2578 2731 10)
2620 2654 2790 2731 Oriq.
2851 2653 3024 2715 Colle
3066 2652 3299 2714 AGom.
3344 2652 3587 2714 Instru-

1451 2757 1752 2816 mentario
1795 2754 1834 2813 I
1876 2751 1973 2814 14'
2017 2751 2167 2830 Cop.
2212 2772 2259 2813 3.
2307 2751 2497 2812 XIII
2539 2752 2692 2811 med.

1131 2909 1268 2968 281.
2370 2904 2505 2965 San
2547 2903 2947 2980 Gimiqnam,
2993 2903 3071 2963 11
3113 2903 3369 2963 Januar
3409 2902 3584 2963 1207.

1252 3004 1527 3067 Iacobus
1588 3004 1694 3083 qd.
1760 3003 2064 3065 Asseduti
2126 3011 2193 3064 et
2252 3003 2548 3064 Forciore
2609 3002 2714 3081 qd.
2789 3002 3098 3081 Mangerii
3159 3000 3449 3062 consules
3509 3000 3592 3060 de

1132 3103 1436 3165 Sancto
1489 3102 1976 3165 Geminiano
2017 3120 2135 3181 pro
2176 3102 2360 3162 nobis
2402 3109 2470 3162 et
2511 3101 2814 3161 Hotterio
2841 3099 2946 3178 qd
2979 3098 3248 3160 Hutteri
3274 3100 3461 3169 flotin,
3490 3117 3585 3158 ar·

1132 3201 1327 3262 bitres
1369 3199 1554 3261 electi
1596 3220 1636 3260 a
1678 3199 2076 3260 Bernardino
2117 3198 2221 3278 qd.
2270 3197 2492 3259 Ianelli
2534 3203 2860 3275 potestate
2888 3194 3106 3274 oppidi
3149 3194 3231 3256 de
3270 3193 3494 3255 Colle
3521 3204 3592 3255 et

1130 3319 1171 3360 a
1211 3298 1528 3361 Guidotto
1569 3298 1673 3378 qd.
1719 3297 1996 3358 Lutterii
2038 3316 2155 3376 pro
2198 3316 2265 3357 se
2306 3304 2373 3357 et
2413 3315 2685 3357 comune
2726 3295 2806 3357 de
2848 3292 3270 3373 Montegabro
3324 3312 3404 3355 ex
3458 3314 3589 3354 una

1130 3404 1314 3476 parte
1355 3404 1423 3457 et
1450 3417 1490 3457 a
1531 3395 1718 3457 Gallo
1758 3401 1825 3456 et
1868 3394 2283 3456 Merciaderio
2331 3394 2435 3472 qd.
2483 3393 2627 3454 Peri
2682 3398 2748 3453 et
2790 3392 3065 3453 Dainese
3112 3390 3217 3470 qd.
3263 3393 3588 3452 Montonis

1128 3493 1496 3555 consulibus
1537 3494 1700 3554 arcis
1758 3493 2062 3555 Montis
2118 3491 2446 3552 Voltrai
2500 3499 2570 3552 et
2611 3510 2650 3550 a
2693 3489 3046 3550 Pinnochio
3101 3488 3207 3568 qd.
3252 3488 3583 3549 Gerardini

1128 3598 1372 3652 rectore
1413 3590 1635 3670 populi
1676 3608 1793 3669 pro
1832 3588 2058 3650 eodem
2101 3589 2357 3649 comuni
2402 3608 2482 3649 ex
2522 3587 2727 3647 altera
2768 3587 2849 3647 de
2891 3582 3113 3647 litibus
3163 3586 3330 3645 inter
3371 3592 3588 3663 partes

1128 3708 1168 3748 a
1210 3694 1500 3767 tempore
1541 3688 1962 3748 securitatum
2004 3687 2324 3747 factarum
2368 3686 2537 3746 inter
2575 3684 2865 3745 homines
2905 3682 2986 3743 de
3028 3681 3200 3743 Colle
3240 3687 3307 3742 et
3348 3681 3590 3741 Montis

1130 3786 1376 3847 Voltrai
1418 3787 1756 3847 arbitrium
1799 3786 2049 3846 damus
2094 3785 2320 3847 Partes
2362 3785 2576 3845 iurent
2617 3782 3022 3844 concordiam
3074 3782 3458 3842 anteriorem
3500 3780 3585 3840 ad

1127 3888 1263 3947 eius
1307 3888 1653 3948 terminum
1698 3905 1951 3947 servare
1993 3892 2061 3945 et
2101 3885 2513 3955 consiliarios,
2545 3882 2803 3953 milites,
2835 3880 3114 3943 militum
3143 3880 3306 3941 filios
3334 3880 3592 3942 dabunt

1128 3985 1213 4045 ad
1255 3984 1614 4045 iurandum.
1660 3984 1988 4045 Presiones
2043 3982 2124 4043 de
2182 3985 2400 4044 Monte
2442 3980 2751 4054 Voltrai0,
2810 3980 3248 4058 uuusquisque
3291 3998 3437 4039 cum
3481 3976 3586 4038 III

1127 4082 1697 4143 sacramentalibus
1741 4081 1911 4141 datis
1954 4080 2106 4141 olim
2151 4083 2218 4141 in
2259 4080 2708 4151 stadjcatione,
2746 4080 2877 4139 sint
2907 4083 3232 4157 presentes
3261 4075 3344 4136 ad
3375 4077 3586 4137 iuran-

1126 4180 1317 4252 dum;
1363 4179 1527 4241 VIII
1571 4182 1738 4241 inter
1778 4179 2078 4259 asbergos
2119 4185 2189 4240 et
2231 4184 2514 4240 corectos
2571 4177 2820 4240 ablatos
2875 4178 2965 4237 eis
3028 4175 3108 4236 de
3163 4194 3306 4236 arce
3347 4175 3587 4235 Montis

1128 4278 1377 4340 Voltrai
1419 4280 1485 4339 in
1527 4277 1693 4338 bello
1734 4278 1815 4339 de
1856 4277 2229 4337 Terrarossa
2271 4276 2455 4339 nobis
2505 4295 2621 4356 pro
2679 4276 2830 4353 ipsis
2887 4273 3257 4344 reddantur,
3304 4273 3459 4333 item
3516 4270 3586 4331 ΙΙ

1127 4378 1393 4438 amissos
1436 4378 1607 4439 bona
1648 4377 1773 4438 fide
1816 4378 1882 4437 in
1923 4375 2228 4455 pubblica
2269 4377 2566 4436 contione
2595 4375 2660 4434 in
2690 4372 2861 4434 Colle
2904 4380 2968 4432 et
2997 4370 3420 4450 Montegabro
3448 4390 3585 4449 pre-

1126 4476 1363 4553 cipient
1405 4475 1617 4548 reddi3
1662 4475 1819 4536 alias
1862 4494 1961 4535 res
2004 4473 2256 4534 ablatas
2299 4475 2365 4533 in
2407 4473 2583 4533 iacto
2625 4472 2706 4533 de
2748 4470 3121 4531 Terrarossa
3147 4470 3310 4530 etin
3338 4470 3583 4547 equita-

1128 4573 1301 4635 tione
1322 4580 1549 4653 postca
1569 4573 1649 4634 de
1674 4572 1978 4635 Casolello
2011 4571 2273 4632 reddere
2303 4590 2433 4631 non
2459 4569 2739 4631 debeant
2766 4569 3051 4647 exceptis
3075 4567 3315 4638 bestiiS,
3340 4564 3375 4625 Ι
3397 4565 3581 4637 lect0,

1126 4672 1159 4731 Ι
1202 4671 1493 4732 farsect0.
1580 4668 1882 4731 Consules
1927 4669 2164 4730 Montis
2207 4668 2456 4729 Voltrai
2499 4666 2771 4727 reddant
2817 4664 2916 4724 XI
2959 4664 3155 4725 boves
3198 4669 3262 4724 et
3291 4664 3344 4724 si
3374 4663 3587 4741 plures
