4000 5700
1120 448 1226 500 320
1762 445 1986 499 REGE
1994 445 2211 500 STUM
2250 444 2935 500 VOLATERRANUM

1238 642 1410 703 Item
1451 643 1675 703 eodem
1717 643 1820 703 die
1902 644 1971 702 in
2010 643 2157 703 eccl.
2203 661 2250 702 s,
2296 643 2627 704 Laurentii
2709 642 2996 720 precepit
3021 642 3245 702 eadem
3276 642 3332 702 V
3376 642 3579 702 homi-

1125 739 1312 800 nibus
1352 743 1523 801 curie
1563 740 1644 801 de
1685 739 1964 801 Frosine.
2050 739 2218 800 Mico
2259 739 2551 800 Piccardi
2593 745 2659 801 et
2701 739 3057 800 Ghinuccio
3094 739 3265 799 Dote
3297 746 3370 800 1515.
3454 739 3579 800 Bo·

1123 839 1421 916 nagrabia
1460 838 1656 899 Guidi
1696 845 1830 899 not.

1454 935 1606 995 Volt.
1653 934 1892 996 AVeec.
1936 953 1984 995 s.
2028 932 2219 995 XIII
2258 934 2380 995 dec.
2425 934 2465 994 9
2504 955 2567 995 n.
2612 934 2689 995 61
2731 934 2902 1012 Θήρ.

1127 1132 1261 1190 942.
2667 1128 2963 1200 Volterra,
3006 1130 3047 1189 3
3088 1129 3365 1190 Februar
3401 1129 3581 1190 1289.

1245 1227 1756 1288 Curradinus
1797 1226 1879 1287 de
1905 1226 2084 1287 Luca
2110 1233 2497 1305 potestas
2526 1225 2762 1299 Vult„
2793 1226 2931 1286 XII
2959 1226 3324 1287 defensores
3344 1227 3583 1306 populi,

1127 1324 1459 1386 consilium
1501 1322 1792 1403 generale
1834 1326 2313 1385 constituerunt
2356 1324 2706 1386 Belfortem
2748 1326 3016 1385 militem
3059 1325 3167 1403 qd.
3208 1324 3489 1386 Rainerii
3513 1333 3585 1385 615

1127 1422 1382 1482 Iustum
1424 1422 1530 1500 qd.
1575 1421 1826 1481 Trincie
1868 1421 2145 1482 iudicem
2187 1422 2269 1483 de
2311 1421 2484 1482 Vult..
2532 1426 2971 1499 procuratores
3029 1422 3112 1482 ad
3169 1422 3581 1482 tractandum

1127 1540 1273 1580 cum
1319 1525 1729 1599 procuratore
1772 1520 2062 1580 comunis
2102 1519 2310 1581 Masso
2351 1526 2419 1581 615
2460 1520 2544 1580 ad
2588 1520 2931 1581 iurandum
2984 1521 3315 1599 pactiones
3371 1522 3584 1581 firmas

1128 1625 1343 1678 tenere
1386 1617 1469 1679 ad
1512 1617 1577 1676 X
1619 1636 1838 1678 annos
1922 1617 2066 1678 Act.
2110 1613 2288 1678 Vult.
2334 1620 2401 1680 in
2440 1618 2684 1696 palatio
2718 1618 3027 1682 comunis,
3110 1618 3336 1697 Arrigo
3377 1618 3584 1679 iudice

1129 1724 1196 1776 et
1236 1735 1336 1776 ser
1395 1715 1558 1777 Pino
1620 1721 1754 1776 not.
1801 1716 2169 1794 potestatis.
2215 1716 2543 1778 Ghinaczo
2581 1715 2908 1776 Iohannis.
2955 1716 3226 1796 Herrigo
3265 1717 3460 1777 Testa
3502 1722 3581 1775 tt.

1127 1812 1739 1884 MCCLXXXVIIL
1784 1813 1917 1873 ind.
1961 1814 2052 1886 ΙΙ,
2096 1813 2201 1874 die
2242 1815 2405 1875 iovis
2448 1813 2556 1874 ΙΙΙ
2583 1812 2707 1875 feb.
2740 1814 3095 1875 secundum
3124 1833 3380 1875 cursum
3405 1812 3581 1873 Vult.

1131 1911 1408 1972 Parisius
1452 1911 1832 1973 Bernardini
1874 1916 2009 1973 not.
2052 1912 2135 1973 de
2178 1911 2351 1972 Vult.
2398 1911 2590 1972 iudex
2634 1912 2765 1972 ord.
2810 1918 2877 1972 et
2921 1918 3056 1974 not.
3089 1918 3154 1971 et
3181 1930 3352 1972 nunc
3377 1910 3587 1972 scriba

1128 2008 1555 2070 defensorum.

1451 2108 1713 2168 Florenz
1743 2108 1896 2168 Ast.
1931 2108 2123 2181 (Volt.
2156 2108 2318 2169 1288
2344 2108 2425 2168 ΙΙ
2453 2108 2512 2181 3,
2542 2128 2603 2167 n.
2636 2108 2820 2184 1216)
2857 2109 3029 2185 Oriq.
3076 2108 3216 2184 (aus
3254 2108 3589 2168 demsdben

1453 2206 1822 2283 Pcrqamcnt
1864 2206 1975 2266 wie.
2018 2226 2079 2267 π.
2126 2207 2291 2285 944).

1134 2404 1270 2463 943.
2820 2401 3063 2471 Massa,
3108 2400 3147 2460 5
3189 2401 3374 2461 Meirz
3411 2402 3587 2463 1289.

1254 2498 1866 2572 MCCLXXXVIII,
1897 2499 2026 2562 ind.
2057 2499 2148 2571 ΙΙ,
2175 2500 2443 2561 Vmart.
2527 2499 2758 2559 Nerius
2780 2498 2990 2559 Albizi
3015 2507 3083 2559 et
3104 2498 3307 2577 Rigus
3328 2500 3586 2561 Torrelli

1135 2598 1375 2676 priores
1416 2598 1830 2657 antianorum
1873 2605 1938 2656 615
1980 2598 2230 2658 antiani
2273 2597 2479 2657 Masso
2521 2615 2832 2658 consensu
2861 2596 3082 2657 Guccii
3116 2596 3198 2656 de
3226 2595 3590 2657 Malavoltis

1135 2696 1214 2756 de
1256 2695 1437 2756 Senis
1479 2695 1676 2756 tertia
1715 2695 1855 2755 vice
1894 2693 2179 2755 Massani
2217 2696 2565 2773 potcstatis
2605 2714 2685 2755 ex
2726 2694 2922 2755 bailia
2965 2693 3119 2754 data
3163 2694 3249 2755 ab
3290 2695 3590 2765 antianis,

1136 2793 1400 2855 consilio
1442 2793 1782 2866 credentie,
1827 2792 2092 2854 consilio
2120 2791 2396 2872 generali
2424 2794 2901 2857 constituerunt
2929 2791 3454 2855 Buonaccursum
3485 2792 3585 2871 qd.

1136 2888 1516 2950 Rustichelli
1575 2889 1892 2950 sindicum
1948 2890 2033 2949 ad
2089 2890 2540 2968 perficiendam
2598 2891 3096 2951 conventionem
3151 2909 3298 2950 cum
3352 2890 3593 2950 sindico

1137 2990 1508 3050 comunis
1549 2986 1764 3048 Vult.
1849 2987 1996 3048 Act.
2042 2987 2249 3049 Masso
2290 2989 2357 3049 in
2398 2989 2645 3067 palatio
2686 2989 2991 3048 comunis.
3089 2987 3437 3066 Mungnaio
3485 2987 3588 3066 qd.

1139 3086 1436 3147 Ricoveri
1477 3093 1546 3146 615
1588 3086 1755 3146 Viva
1795 3085 2039 3145 Accioli
2080 3092 2155 3146 tt.
2242 3085 2643 3147 Gottifredus
2684 3086 2765 3147 de
2807 3087 3110 3148 Grosseto
3152 3095 3287 3148 not.
3319 3092 3384 3146 615
3425 3104 3591 3147 nunc

1138 3183 1344 3245 scriba
1385 3185 1675 3245 comunis
1717 3183 1904 3244 Mass

1457 3284 1716 3344 Florenz
1746 3282 1900 3343 Ast.
1936 3283 2129 3357 (Volt.
2160 3284 2323 3345 1288
2350 3284 2430 3344 ΙΙ
2458 3285 2515 3356 5,
2547 3305 2610 3343 n.
2641 3285 2826 3361 1217)
2861 3285 3034 3363 Oriq.

1141 3480 1279 3538 944.
2630 3479 3026 3550 Pomm-unce,
3071 3478 3152 3537 10
3193 3479 3378 3538 Marz
3416 3477 3587 3539 1289

1260 3575 1872 3650 MCCLXXXVIH,
1919 3576 2047 3637 ind.
2095 3576 2180 3648 ΙΙ,
2228 3576 2291 3636 Χ
2336 3582 2525 3636 mart?
2607 3574 2892 3636 Belforte
2934 3575 3116 3636 miles
3165 3576 3270 3654 qd.
3315 3576 3592 3635 Rainerii

1142 3675 1221 3735 dc
1256 3672 1428 3734 Vult.
1462 3681 1839 3752 procurator
1878 3675 2250 3734 comunis
2291 3674 2503 3733 Vult.
2549 3680 2615 3733 615
2643 3673 3052 3734 Bonacursus
3080 3674 3185 3752 qd.
3217 3669 3590 3735 Rustiohelli

1142 3773 1224 3833 de
1264 3771 1477 3831 Massa
1516 3777 1894 3849 procurator
1930 3771 2219 3833 comunis
2245 3771 2546 3842 Massani,
2579 3778 2654 3830 ut
2683 3791 2761 3831 ex
2789 3772 3220 3833 instrumento
3248 3769 3594 3832 Goctifredi

1141 3877 1277 3930 not.
1309 3869 1390 3927 dc
1420 3867 1719 3928 Grosseto
1749 3874 1951 3945 patet,
1981 3874 2509 3947 composuerunt:
2594 3867 2879 3929 Comune
2907 3867 3081 3928 Vult.
3114 3873 3335 3929 teneat
3360 3867 3592 3929 amicos

1142 3967 1432 4026 comunis
1474 3965 1662 4024 Mass,
1708 3985 1823 4043 pro
1867 3967 2087 4025 amicis
2128 3971 2196 4026 615
2238 3967 2526 4027 inimicos
2568 3986 2683 4045 pro
2723 3966 2998 4026 inimicis
3046 3971 3114 4028 615
3169 3985 3204 4027 6
3258 3983 3591 4035 converso;

1143 4066 1196 4125 si
1236 4082 1462 4142 guerra
1505 4063 1682 4122 fieret
1724 4063 1976 4123 civitati
2006 4062 2179 4123 Vult.
2212 4061 2315 4122 vel
2340 4062 2866 4136 districtualibuS,
2900 4083 3174 4126 comune
3200 4064 3390 4126 Mass
3420 4081 3594 4140 guer-

1143 4181 1281 4222 ram
1323 4160 1524 4221 faciat,
1549 4167 1619 4221 et
1645 4179 1679 4219 6
1710 4179 2050 4232 converso;
2136 4161 2447 4221 masnada
2473 4162 2807 4241 utriusque
2834 4163 3041 4240 possit,
3068 4163 3305 4223 intrare
3332 4161 3597 4222 alteram

1144 4264 1212 4319 615
1238 4259 1377 4319 eius
1404 4257 1829 4328 territorium;
1913 4267 2190 4335 utraque
2221 4263 2506 4336 tempore
2535 4278 2754 4336 guerre
2784 4260 2988 4337 possit
3014 4260 3252 4320 bestias
3282 4267 3491 4319 tenere
3532 4259 3599 4318 in

1147 4357 1350 4417 albeta
1388 4361 1456 4416 615
1495 4356 1828 4426 districtu;
1912 4357 1966 4416 si
2008 4357 2151 4434 quis
2192 4356 2647 4417 derobbaverit
2689 4357 2790 4417 vel
2834 4360 2897 4416 in
2941 4377 3212 4436 persona
3263 4356 3602 4418 offenderit

1146 4463 1212 4514 615
1251 4455 1318 4515 in
1355 4453 1619 4515 alteram
1652 4455 2034 4532 pervenerit,
2066 4472 2144 4513 ea
2170 4455 2381 4531 ipsum
2411 4457 2673 4533 puniat3
2756 4461 2990 4515 neutra
3017 4455 3313 4516 rebellem
3340 4453 3604 4516 alterius

1150 4549 1251 4612 vel
1290 4550 1713 4611 exbannitum
1757 4570 1874 4629 pro
1915 4551 2259 4612 homicidio
2303 4548 2405 4611 vel
2467 4553 2865 4630 prodictione
2922 4554 3231 4625 retineam
3328 4558 3602 4630 utraque

1148 4657 1364 4710 teneat
1409 4648 1856 4724 stipendiarios
1900 4651 2173 4726 equites3
2260 4657 2357 4709 ter
2398 4651 2463 4708 in
2509 4671 2676 4711 anno
2706 4652 2789 4711 ad
2821 4653 3030 4711 minus
3059 4651 3255 4730 aliqui
3285 4653 3606 4730 sapientes
