4000 5700
1148 488 1257 541 214
1797 486 2243 542 REGESTUM
2279 485 2969 540 VOLATERRANUM

1250 579 1543 585 —————.
1574 580 1699 585 ——.
1774 581 1855 585 m
1900 579 2308 586 ———--—.-..-.-—-
2341 579 2502 585 -ῃ-
2515 579 2592 583 -——
2621 580 2690 584 -ι-
2763 581 3306 588 —--.----—-—-.—
3355 583 3442 588 ----
3461 583 3494 587 --
3567 582 3608 589 -n

1151 683 1288 745 650,
2387 709 2393 715 ·
2618 682 2900 752 Florem,
2944 681 3027 743 28
3066 680 3389 743 Dezember
3429 683 3607 743 1254.

1273 778 1835 854 MOGL1111,ind
1881 779 2076 853 XIII,
2121 780 2225 840 die
2267 780 2414 839 lune
2456 777 2760 839 XXVIII
2799 780 2937 841 deo.
3020 781 3127 841 Ad
3152 780 3614 841 removendam

1150 876 1492 940 materiam
1546 877 1834 939 scandali
1888 878 2259 938 comunis
2314 875 2531 937 Vult.
2586 876 2834 954 placuit
2871 878 3206 955 potestati,
3250 879 3610 956 capitaneO,

1150 977 1433 1037 antianis
1475 974 1666 1050 Flor.,
1710 976 1888 1054 quod
1928 974 2142 1036 Soveli
2183 980 2473 1053 potestas
2516 974 2694 1036 Vult.
2737 973 2941 1036 faciat
2993 975 3276 1053 regimen
3324 976 3613 1036 civitatis

1149 1075 1507 1136 secundum
1548 1076 1977 1136 constitutum
2026 1074 2244 1152 ipsius,
2287 1073 2373 1134 ad
2414 1072 2590 1152 quod
2618 1073 2878 1145 iuravit,
2907 1091 3041 1134 non
3069 1071 3480 1135 obstantibus
3508 1094 3612 1134 ca·

1149 1172 1373 1250 pitulis
1412 1176 1481 1232 et
1521 1172 2007 1234 stantiamentis
2046 1171 2241 1232 factis
2280 1190 2390 1231 seu
2434 1169 2743 1233 faciendis
2783 1188 2898 1249 per
2937 1172 3346 1248 capitaneum
3391 1176 3457 1232 et
3499 1190 3610 1232 an-

1148 1272 1362 1332 timos
1402 1269 1607 1341 Vult„
1650 1267 1847 1329 salvis
1875 1267 2336 1339 additionibus,
2366 1267 2938 1339 deminutionibuS,
2967 1267 3613 1348 interpretationibus

1148 1369 1340 1429 factis
1382 1367 1484 1429 vol
1524 1367 1835 1429 faciendis
1863 1386 1976 1445 per
2003 1372 2417 1445 potestatem,
2449 1368 2882 1445 capitaneum,
2914 1366 3212 1427 antianos
3241 1365 3406 1428 Flor.
3490 1367 3610 1426 Lo-

1151 1467 1388 1527 cterius
1429 1465 1723 1544 Iacopini
1761 1465 2137 1543 capitaneus
2179 1462 2401 1543 populi
2441 1462 2616 1523 Vult.
2662 1462 2862 1523 faciat
2913 1464 3478 1540 capitaneantiam¹
3516 1483 3610 1525 re-

1151 1566 1345 1625 motis
1384 1562 1773 1642 quibusdam
1816 1560 2279 1623 ordinamentis
2322 1560 2510 1621 factis
2553 1580 2666 1638 per
2694 1559 3071 1622 Iacobinum
3100 1564 3476 1639 preteritum
3508 1580 3610 1620 ca-

1148 1663 1483 1740 pitaneum
1524 1660 1750 1738 populi
1790 1656 1992 1731 Vult„
2036 1658 2234 1721 salvis
2282 1659 2543 1721 comuni
2596 1656 2761 1719 Flor.
2806 1658 3290 1727 additamentis.
3334 1660 3609 1721 diminu-

1151 1757 1454 1832 tionibus,
1497 1757 2141 1837 interpretationibus
2183 1759 2253 1818 in
2291 1762 2565 1830 statuto,
2609 1757 2768 1817 dum
2810 1763 3032 1820 tamen
3084 1777 3216 1819 non
3269 1758 3614 1837 impediret

1151 1857 1434 1935 regimen
1474 1854 1711 1916 Sovelli
1749 1856 2114 1932 potestatis,
2200 1853 2406 1932 Super
2443 1853 2755 1917 electione
2795 1853 3298 1915 consiliariorum
3355 1860 3423 1914 et
3476 1853 3608 1915 offi-

1151 1953 1408 2015 cialium
1438 1953 1856 2031 provideatur
1888 1971 2003 2030 per
2031 1956 2422 2029 potestatem
2453 1956 2525 2010 et
2553 1952 2964 2028 capitaneum
2994 1951 3257 2012 consilio
3285 1952 3610 2013 saniorum

1151 2052 1486 2113 hominum
1531 2058 1716 2123 terre3
1760 2052 1972 2111 sinon
1999 2055 2216 2110 essent
2256 2048 2621 2121 concordeS,
2666 2068 2784 2109 nos
2813 2048 3295 2126 providebimus
3321 2051 3384 2127 ¹).
3465 2049 3608 2109 Act.

1151 2149 1320 2213 Flor.
1406 2148 1801 2210 Bencivenni
1844 2146 2020 2207 Grifi.
2065 2146 2327 2207 Albizzo
2375 2144 2836 2207 Trinciavellie.
2883 2145 3128 2208 Parisio
3185 2154 3317 2208 not.
3373 2147 3420 2207 f.
3477 2146 3611 2207 Ru-

1151 2247 1307 2310 stiki
1346 2254 1429 2309 tt.
1515 2247 1831 2308 Dietaiuti
1873 2246 1918 2306 f.
1961 2244 2235 2306 Azzonis
2276 2246 2431 2323 imp.
2475 2248 2645 2306 auct.
2690 2242 2984 2324 publicus
3026 2252 3162 2306 not.
3206 2251 3273 2306 et
3315 2253 3470 2306 tunc
3498 2266 3609 2305 an-

1152 2347 1478 2408 tianorum
1520 2350 1656 2407 not.

1474 2443 1734 2504 Florenz
1776 2441 1929 2502 Ast.
1979 2441 2166 2519 (Volt.
2211 2461 2272 2502 n.
2318 2440 2463 2516 670)
2508 2440 2678 2518 Oriy.
2763 2441 2934 2501 Extr.
2981 2441 3213 2503 Gecina
3240 2442 3319 2502 54
3348 2442 3608 2503 Anmer·

1476 2540 1646 2618 kunq
1687 2541 1743 2601 3.

1152 2728 1289 2789 651.
2699 2725 2965 2803 Neapel,
3007 2727 3088 2786 17
3129 2726 3384 2787 Januar
3424 2727 3605 2788 1255.

1272 2824 1742 2888 Alexander
1783 2825 1889 2888 IV
1932 2824 2263 2902 (Martino)
2308 2823 2502 2902 priori
2542 2831 2609 2885 et
2639 2824 2899 2902 prelatis
2928 2825 3060 2885 ord.
3092 2823 3378 2887 Camald.
3450 2826 3611 2887 Cum

1151 2945 1345 3005 grave
1390 2926 1581 2986 nimis
1621 2925 1708 2986 sit
1749 2944 1866 3004 pro
1916 2922 2208 3003 qualibet
2263 2922 2504 2984 ordinis
2556 2921 2750 2984 domo
2805 2923 2983 3001 apud
3036 2924 3250 2984 sedem
3307 2944 3411 3003 ap.
3467 2943 3610 3003 pro·

1153 3030 1513 3085 curatorem
1558 3022 1794 3083 habere
1835 3028 1902 3083 et
1944 3040 2111 3082 unus
2152 3039 2270 3099 pro
2308 3019 2733 3082 universitate
2772 3021 2909 3082 ord.
2954 3041 3084 3083 non
3124 3022 3420 3095 sufficiat,
3463 3042 3610 3084 cum

1151 3140 1644 3200 nonnumquam
1687 3125 1915 3183 eontra
1953 3118 2187 3181 fratres
2229 3117 2361 3178 ord.
2394 3118 2608 3179 littere
2636 3138 2737 3198 ap.
2769 3120 2850 3179 de
2877 3120 3097 3181 ordine
3127 3122 3453 3182 mentione
3479 3139 3609 3181 non

1152 3219 1385 3282 habita
1420 3218 1897 3298 indulgeantur,
1942 3219 2027 3279 ad
2069 3219 2274 3278 instar
2315 3216 2589 3278 Honorii
2630 3216 2856 3295 (111)·)
2888 3218 3197 3296 indulget,
3240 3226 3318 3278 ut
3345 3238 3474 3279 non
3517 3224 3607 3279 te·

1154 3321 1430 3380 neantur
1471 3316 1856 3395 respondere
1895 3334 2008 3394 per
2042 3313 2203 3386 illas,
2240 3333 2365 3392 que
2395 3315 2475 3375 de
2502 3313 2723 3378 ordine
2763 3333 3130 3393 expressam
3172 3335 3302 3377 non
3345 3315 3611 3377 iecerint

1154 3416 1571 3476 mentionem.
1654 3415 1865 3478 «Cum
1906 3415 2072 3474 sicut
2095 3432 2138 3472 ν.
2225 3412 2378 3472 Dat.
2422 3411 2695 3488 Neapoli
2735 3411 2897 3482 XVI
2938 3412 3064 3474 kal.
3109 3412 3260 3485 feb„
3305 3421 3488 3492 pont.
3518 3413 3568 3475 Ι.

1484 3511 1641 3573 Vott.
1686 3512 1998 3571 AMunic.
2047 3510 2304 3586 (Radia)
2351 3510 2767 3588 Transoumpt
2805 3530 2924 3571 von
2965 3511 3140 3573 1264.

1152 3747 1295 3806 652.
2695 3741 2983 3812 Volterra,
3028 3744 3068 3804 2
3110 3743 3387 3804 Februar
3426 3745 3605 3806 1255.

1275 3842 1664 3914 MOCLIIII,
1708 3841 1810 3904 die
1839 3842 2066 3903 martis
2111 3840 2179 3900 ΙΙ
2217 3843 2369 3900 intr.
2413 3839 2564 3913 feb„
2609 3840 2739 3901 ind.
2785 3841 2980 3901 XIII.
3065 3841 3342 3903 Soveli
3388 3844 3468 3905 de
3495 3844 3608 3903 Ar·

1153 3943 1443 4022 rigucciis
1482 3943 1564 4002 de
1607 3941 1773 4002 Flor
1816 3945 2201 4019 potestas
2243 3938 2455 4000 Vult.
2499 3945 2566 4000 et
2608 3940 2947 4000 consiliarii
2988 3942 3464 4002 constituerunt
3508 3941 3608 4004 Al-

1156 4039 1477 4102 bertinum
1521 4036 1783 4116 Spinelli
1824 4041 2305 4115 procuratorem
2348 4037 2431 4097 ad
2459 4037 2974 4115 componendum
3004 4057 3148 4098 cum
3182 4045 3504 4116 potestate
3530 4039 3612 4102 de

1154 4135 1346 4208 Colle,
1391 4135 1567 4214 quod
1607 4134 1693 4195 ab
1735 4134 1857 4196 illis
1894 4136 1978 4195 de
2021 4133 2193 4196 Colle
2235 4139 2303 4194 et
2344 4134 2426 4195 de
2468 4134 2645 4195 Vult.
2689 4133 2984 4196 debitum*
3039 4141 3370 4213 repetatur
3409 4135 3493 4197 ab
3533 4156 3610 4198 eo

1301 4343 1346 4408 ¹)
1384 4343 1680 4393 Beaonders
1702 4343 1790 4392 die
1820 4343 1964 4392 lema
2001 4342 2377 4404 Buten-namq
2415 4342 2567 4404 τοίω,
2605 4343 2732 4392 dau
2768 4343 2999 4393 Oecinas
3037 4344 3283 4402 Amida,
3319 4346 3488 4397 dumh
3522 4346 3611 4397 dio

1155 4447 1259 4483 von
1294 4431 1569 4482 Giovanm‘
1611 4431 1823 4480 Villam‘
1864 4431 1947 4481 VI
1985 4433 2054 4482 57
2101 4430 2375 4481 beriehtete
2413 4431 2726 4494 Erebo-unq
2761 4432 2844 4482 sei
2885 4432 3125 4482 Volcae-ra
3172 4435 3351 4498 einiqe
3392 4436 3512 4485 Ζεᾱ
3546 4436 3612 4486 in

1153 4520 1553 4584 Abhdnqiqkeit
1576 4535 1681 4569 von
1704 4521 1927 4571 Florem
1953 4526 2187 4584 qemun,
2213 4520 2407 4582 ricmis]
2446 4520 2532 4569 ist.
2607 4521 2714 4570 Die
2739 4521 3116 4585 Boeeichmmq
3141 4524 3293 4573 terra
3316 4525 3388 4574 ist
3415 4524 3614 4588 συθεί-

1153 4610 1279 4660 lond
1300 4608 1616 4659 wachaioh
1638 4609 1753 4657 und
1778 4609 1911 4659 wird
1932 4616 2080 4658 comt
2111 4609 2203 4659 nie
2237 4609 2334 4669 ssu·
2371 4609 2488 4658 eine
2525 4609 2887 4671 Biechosetadc
2924 4611 3219 4673 gabr-auehe.
3366 4613 3412 4678 ⁹)
3447 4615 3612 4664 Diuo

1090 4729 1106 4742 .
1162 4697 1513 4749 Vomrkunde
1551 4697 1713 4756 findet
1749 4698 1863 4746 εἰοὴ
1900 4698 2069 4748 wodor
2104 4699 2190 4747 bei
2225 4698 2467 4747 Potthast
2505 4699 2640 4748 noch
2677 4699 2755 4748 im
2791 4699 3035 4762 Rayister
3070 4700 3149 4751 ed.
3190 4702 3471 4754 Pmsutoi.
