4000 5700
1050 491 1489 547 REGESTUM
1530 493 2214 549 VOLATERRANUM
2787 499 2858 550 47

402 697 469 751 et
510 691 645 749 eius
688 708 849 748 uxor
889 688 1063 749 Gisla
1105 695 1599 748 construxerunt
1659 691 1723 749 in
1771 688 1909 748 loco
1952 691 2065 767 qui
2119 689 2239 750 dic.
2286 688 2492 750 Fonte
2549 691 2859 752 Pintiaria

404 790 586 867 eique
627 786 1029 848 donaverunt
1076 794 1324 847 curtem
1367 786 1448 845 de
1491 786 1925 866 Marcignan0‚
1971 788 2139 847 med.
2184 787 2333 848 eccl.
2385 809 2434 847 s.
2466 789 2751 850 Cassiani
2792 795 2858 850 et

404 886 609 966 burgi,
654 904 947 945 mansum
991 886 1055 944 in
1098 885 1239 945 loco
1280 883 1786 946 Cultumanundi
1815 892 1880 944 et
1911 884 2108 945 alium
2139 886 2199 945 in
2248 886 2622 965 Artignam),
2663 888 2858 947 alium

402 1005 443 1045 a
483 983 769 1064 Cignano
824 993 890 1042 et
944 981 1251 1061 quicquid
1293 982 1373 1042 de
1418 981 1663 1042 illorum
1709 984 2103 1061 proprietate
2153 985 2479 1044 invenitur
2533 986 2596 1044 in
2653 983 2860 1046 Fonte

402 1081 609 1142 Alboli
654 1087 711 1141 et
764 1082 826 1140 in
858 1080 1210 1141 Frasineta.
1244 1087 1545 1140 octavam
1576 1087 1824 1158 partem
1869 1081 2019 1140 eccl.
2065 1101 2114 1138 ε.
2162 1081 2532 1141 Michahelis
2574 1085 2635 1143 in
2682 1082 2858 1143 Man-

399 1180 713 1240 sionatico
755 1185 821 1238 et
862 1178 991 1237 duo
1022 1197 1277 1238 mansos
1308 1177 1563 1247 ibidem,
1597 1198 1645 1237 r.
1678 1197 1790 1256 per
1817 1178 2261 1240 Amalbertum
2292 1179 2500 1257 presb.
2533 1187 2594 1239 et
2629 1179 2857 1241 Iohan-

398 1298 545 1338 nem
578 1297 789 1349 masS.,
834 1295 980 1336 cum
1024 1275 1208 1336 bonis
1249 1276 1558 1336 confirmo
1598 1282 1664 1335 et
1708 1276 2007 1348 concedo,
2053 1285 2121 1336 ut
2163 1297 2401 1339 omnes,
2433 1280 2543 1356 qui
2572 1278 2656 1338 ad
2684 1299 2855 1358 sepe-

398 1376 681 1437 liendum
718 1375 783 1434 in
826 1377 1283 1435 monasterium
1316 1375 1529 1434 venire
1561 1374 1900 1443 voluerint,
1933 1374 2254 1435 licentiam
2285 1375 2544 1448 abeant,
2575 1379 2858 1455 exceptis

398 1475 471 1546 is,
518 1477 628 1552 qui
669 1480 819 1534 sunt
851 1473 930 1532 de
958 1472 1216 1533 decret-o
1245 1471 1447 1550 plebis
1477 1492 1525 1531 s.
1560 1472 1758 1532 Marie
1785 1476 1849 1532 in
1879 1473 2142 1546 Cellure3
2174 1476 2348 1545 item,
2382 1489 2452 1534 ut
2487 1475 2853 1553 parochiani

395 1572 548 1633 eccl.
592 1591 640 1632 s.
689 1571 991 1631 Iohannis
1034 1569 1113 1629 de
1154 1569 1418 1630 castello
1458 1570 1538 1629 de
1568 1570 1899 1630 Puliciano
1928 1572 1992 1630 in
2031 1574 2417 1632 monasterio
2446 1574 2852 1652 sepeliantur;

394 1669 680 1749 spondeo
710 1668 975 1728 Albe-rto
1003 1667 1226 1728 abbati
1258 1688 1401 1747 pen.
1433 1671 1699 1747 arigent.
1736 1668 1842 1728 lib.
1876 1668 1942 1730 C.
2031 1669 2173 1728 Act.
2208 1670 2344 1731 loco
2375 1674 2546 1732 intus
2575 1672 2855 1732 claustra

395 1788 444 1829 s.
490 1768 687 1827 Marie
730 1764 913 1844 plebe
954 1765 1032 1824 de
1075 1764 1297 1825 Clanni
1343 1771 1405 1824 et-
1454 1766 1778 1826 territurio
1824 1766 2035 1826 Volot.
2122 1767 2337 1828 Uuido
2373 1789 2470 1846 ep.
2505 1788 2584 1829 ss.
2670 1769 2732 1828 S.
2767 1788 2851 1828 m.

398 1866 657 1927 Raineri
701 1864 746 1924 f.
786 1863 854 1923 b.
901 1883 984 1923 m.
1034 1850 1328 1924 Rolandi.
1374 1861 1665 1923 Guiberti
1722 1863 1765 1923 f.
1815 1864 1875 1923 b.
1922 1885 2006 1925 m.
2053 1865 2216 1925 Atti.
2261 1865 2519 1926 Stantio
2567 1867 2612 1927 f.
2659 1866 2718 1927 b.
2765 1888 2850 1928 m.

394 1963 591 2025 Petri.
638 1961 868 2024 Bonini
912 1961 956 2020 f.
1005 1958 1065 2019 b.
1113 1980 1195 2019 m.
1246 1960 1444 2021 Roitii
1490 1967 1568 2020 tt.
1658 1961 1903 2022 Uberto
1947 1968 2082 2022 not.
2129 1983 2176 2022 s.
2223 1964 2348 2041 pal.

727 2058 886 2121 Volt.
938 2058 1175 2120 AVesc.
1225 2079 1274 2119 ε.
1325 2058 1433 2119 XI
1472 2059 1594 2120 dec.
1648 2062 1684 2120 7
1724 2080 1787 2119 n.
1832 2061 1873 2121 2
1920 2060 2093 2137 Θήρ.
2219 2061 2377 2121 Edd.
2424 2061 2681 2123 Giachi'
2732 2063 2853 2124 129

715 2155 1000 2217 :¹443.
1125 2155 1286 2214 Dim·
1346 2154 1529 2215 Misc.
1584 2156 1871 2216 Valdelsa
1924 2156 2028 2216 XI
2088 2157 2226 2218 102.
2352 2156 2474 2217 Cit.
2539 2158 2849 2234 Uqhelli²

395 2432 533 2492 129.
1788 2429 2111 2507 (Chianni,
2157 2431 2236 2491 17
2277 2431 2598 2492 Dezember
2639 2432 2848 2506 1061).

515 2528 776 2590 Guido
821 2527 1032 2587 Volat.
1078 2547 1177 2606 ep.
1223 2547 1338 2605 pro
1382 2530 1769 2600 monasterio
1811 2549 1859 2586 s,
1892 2529 2092 2588 Marie
2118 2535 2176 2588 et
2214 2548 2262 2588 8.
2295 2528 2624 2607 Sepulchri
2653 2549 2849 2608 prope

391 2629 613 2691 Elsam
656 2627 925 2687 fluvium
967 2628 1032 2686 in
1074 2625 1212 2685 loco
1253 2624 1459 2686 Fonte
1504 2625 1813 2698 Pinzaria,
1844 2625 2121 2687 fundato
2148 2625 2231 2685 ab
2263 2625 2531 2686 Adelmo
2559 2633 2624 2686 ct
2657 2647 2850 2687 uxore

386 2726 588 2796 Gisla,
632 2727 759 2785 sito
798 2724 965 2784 infra
1006 2723 1257 2801 plebem
1298 2725 1364 2784 in
1407 2721 1659 2797 Cellule,
1691 2724 1865 2802 quod
1894 2724 2221 2794 confirm0‚
2253 2730 2491 2794 statuO,
2524 2732 2596 2784 ut
2629 2745 2849 2786 omnes

388 2823 797 2903 parrochiani
837 2823 986 2883 eccl.
1031 2841 1081 2881 s.
1127 2821 1432 2882 Iohannis
1474 2820 1553 2881 de
1595 2821 1970 2883 castello‘in
2027 2821 2355 2882 Puliciano
2411 2824 2476 2883 in
2539 2824 2849 2884 cimiterio

392 2943 566 2984 mon.
613 2920 1030 2991 tumulentur,
1074 2926 1139 2979 et·
1169 2927 1417 2980 cartam
1445 2920 1529 2980 do
1559 2919 1825 2981 Alberto
1854 2919 2098 2980 abbati.
2176 2919 2387 2981 Guido
2415 2941 2512 2999 ep.
2545 2921 2849 2982 Albertus

386 3019 733 3081 archidiac.
776 3017 1061 3078 Gerardo
1088 3016 1472 3094 archipresb.
1517 3015 1747 3077 Petrus
1777 3017 1985 3095 presb.
2018 3015 2283 3079 Droudo
2311 3020 2695 3095 prepositus
2727 3018 2843 3078 Te-

388 3120 630 3198 grimus
672 3118 1083 3195 primicerius,
1128 3115 1338 3176 Guido
1378 3115 1540 3175 diac.
1587 3121 1653 3176 et.
1693 3123 1940 3178 cantor.
1986 3116 2202 3176 Uuido
2243 3116 2405 3177 diac.
2452 3123 2515 3177 et
2545 3137 2686 3177 can.
2719 3118 2845 3176 En-

388 3218 529 3296 rigo
570 3214 855 3275 subdiac.
900 3213 1187 3274 Andreas
1228 3213 1390 3273 diac.
1434 3234 1517 3274 ss,

719 3312 877 3373 Vou.
910 3309 1221 3372 AMunic.
1250 3310 1455 3377 (Prov.
1485 3311 1609 3372 div.
1640 3331 1796 3372 cass.
1830 3311 1894 3385 I)
1923 3310 2098 3388 Θήρ.

394 3509 531 3569 130.
1846 3507 2205 3577 Ρτιίἰσὶαηο,
2251 3508 2330 3567 17
2370 3506 2624 3568 Oktober
2665 3508 2845 3569 1064.

513 3605 920 3685 Sexagesimo
962 3611 1196 3682 quarto
1238 3612 1382 3681 post
1428 3604 1615 3675 mille,
1662 3603 1820 3664 XVI
1864 3604 1989 3663 kal.
2038 3624 2208 3675 nov„
2252 3603 2383 3664 ind.
2423 3606 2633 3664 tertia.
2722 3604 2845 3664 Er-

391 3722 733 3764 mannus
774 3723 874 3780 ep.
906 3702 1118 3763 Volot.
1146 3700 1252 3761 lib.
1281 3721 1448 3761 nom.
1484 3701 1568 3762 do
1593 3701 1842 3761 Adamo
1870 3701 2078 3778 presb.
2110 3708 2177 3763 et
2206 3702 2435 3763 Petrus
2463 3722 2565 3781 gg.
2597 3702 2642 3762 f.
2671 3702 2731 3763 b.
2761 3723 2842 3762 m.

385 3799 678 3880 Gymitie
719 3806 919 3860 terras
964 3801 1025 3860 in
1072 3798 1301 3858 Cellole
1349 3818 1493 3858 cum
1548 3798 1713 3858 med.
1767 3799 1916 3858 eccl.
1973 3819 2024 3858 s.
2084 3799 2278 3871 Petri,
2336 3818 2385 3858 r.
2430 3818 2542 3877 per
2584 3798 2845 3860 Carocio

391 3916 602 3969 mass„
648 3903 714 3959 et
756 3897 913 3958 alias
955 3904 1158 3956 terras
1199 3898 1264 3957 in
1306 3896 1589 3967 Moricia,
1636 3901 1709 3955 ut
1752 3915 2036 3956 annuam
2085 3915 2260 3974 pens,
2311 3896 2477 3957 detis
2520 3916 2651 3975 arg.
2695 3897 2842 3958 den.

388 3996 503 4056 sol.
548 3996 764 4076 [....];
797 4015 943 4073 pen.
976 4015 1108 4075 arg.
1142 4002 1276 4073 opt.
1322 3994 1436 4055 sol.
1480 4001 1762 4056 centum.
1848 3994 2022 4073 [Act.
2068 3996 2134 4054 in
2170 3995 2336 4074 loco]
2364 3996 2542 4055 intus
2582 3994 2845 4055 castello

384 4092 471 4154 de
512 4093 843 4154 Puliciana
883 4094 1206 4153 territurio
1248 4092 1766 4172 [Voloterrense].

719 4191 879 4253 Volt.
911 4191 1150 4252 AVeec.
1180 4211 1232 4252 8.
1263 4190 1371 4250 XI
1397 4191 1522 4251 dec.
1556 4192 1593 4251 7
1620 4211 1683 4251 n.
1728 4191 1767 4251 4
1795 4190 1968 4267 Θήρ.
2020 4191 2327 4267 (ιείῑωείεε
2356 4195 2620 4260 κενεεόνί,
2657 4198 2843 4251 umen

708 4289 1105 4367 abyerissen).

393 4483 528 4545 131.
2033 4482 2242 4553 Sasso,
2287 4482 2327 4542 9
2367 4480 2621 4543 Oktober
2662 4482 2844 4542 1066.

510 4580 811 4652 MLXVI,
858 4580 986 4640 VII
1016 4581 1101 4640 id.
1132 4590 1280 4647 oct..
1316 4580 1447 4641 ind.
1481 4588 1734 4660 quarta.
1821 4581 2314 4641 Erimannus
2354 4601 2453 4659 ep.
2487 4581 2700 4642 Volot.
2732 4580 2841 4641 lib.

386 4699 559 4741 nom.
603 4679 690 4740 do
731 4678 1017 4738 Ghisolfo
1058 4678 1105 4738 f.
1153 4677 1212 4738 b.
1260 4699 1345 4738 m.
1393 4679 1617 4740 Brenci
1662 4679 1829 4739 med.
1873 4678 1951 4738 de
1994 4679 2257 4739 castello
2300 4681 2378 4739 de
2420 4678 2600 4740 Gello
2643 4688 2706 4739 et
2762 4680 2845 4740 de

384 4777 626 4838 Sancto
669 4777 920 4855 MagnO,
966 4784 1039 4836 ut·
1084 4796 1257 4854 pens.
1304 4777 1416 4836 sol.
1462 4777 1622 4837 duos
1666 4777 1744 4836 de
1790 4776 1849 4835 b.
1896 4760 2138 4837 denarii
2197 4778 2440 4849 solvas3
2500 4798 2648 4855 pen.
2708 4797 2841 4857 arg.
